2303 3593
475 256 567 323 80
709 249 1805 335 EEMENSDE Mts i ov.E
478 352 2056 459 la diſſonance doit monter diatoniquement ſur
483 458 1493 530 la tierce de l'accord ſuivant.
478 352 2057 459 la diſſonance doit monter diatoniquement ſur
483 458 1493 531 la tierce de l'accord ſuivant.
589 550 2067 645 130. Une diſſonance qui deſcend ou qui
488 642 2066 739 monte diatoniquement ſuivant ces deux re-
488 736 1616 837 gles, s'appelle diſſonance ſauvee.
584 819 2069 924 Il réſulte de cette regle, que l'accord ds
490 922 2082 1019 ſeptiéme re fa la ut, quand même on le re-
491 1014 2074 1115 garderoit comme renverſé de fa la ut re, ne
490 1108 2073 1206 peut être ſuivi de l'accord ut mi ſol ut, puiſ-
492 1200 2069 1298 qu'il n'y a point dans ce dernier accord de
475 1294 2076 1394 ſi ſur lequel puiſſe deſcendre la diſſonance ut
492 1388 1594 1459 de l'accord re fa la ut.
584 1465 2075 1574 On peut d'ailleurs trouver une autre rai-
491 1575 2069 1672 ſon de cette regle en examinant la nature du
491 1667 2077 1762 double emploi. En effet, pour paſſer de re
475 1761 2070 1856 fa la ut à ut mi ſol ut, il faudroit que re fa la
491 1852 2077 1948 ut pût en ce cas être cenſé renverſé de fa
492 1945 2067 2040 la ut re. Or l'accord ré fa la ut, ne peut être
492 2040 2072 2135 cenſé renverſé de fa la ut ré, que lorſque cet
493 2132 2071 2227 accord re fa la ut précede ou ſuit immédia-
495 2225 2073 2316 tement laccord ut mi ſol ut; dans tout autre
497 2317 2084 2412 cas l'accord rre fa la ut eſt un accord primitif
496 2411 2077 2505 formé de l'accord parfait mineur ré fa la, au-
500 2503 2078 2599 quel on a ajoùté la diſſonance ut, pour ôter
501 2596 2079 2689 à re le caractere de tonique; ainſi laccord
500 2689 2078 2784 re fa la ut ne pourroit être ſuivi de laccord
506 2782 2077 2878 ut mi ſol ut, qu'après avoir été précédé de
506 2876 2080 2962 ce même accord. Or, en ce cas, le double
502 2968 2080 3062 emploi ſeroit une choſe tout à- fait futile, &
1967 3067 2091 3166 qui
