2303 3568
460 285 1581 375 Turontovt tr PAriovt.
1720 290 1826 382 65
232 404 1811 498 que le mode ſoit déterminé par-là: mais cet-
235 493 1807 585 te introduction de ſol, dans laccord fa la ut,
230 586 1819 678 donneroit deux ſecondes de ſuite, fa ſol, ſol
233 679 1811 766 la, c'eſt- dire deux diſſonances dont l'un on
234 771 1809 867 ſeroit trop deſagréable à loreille; inconvé-
236 863 1811 957 nient qu'il faut éviter. Car ſi pour diſtinguer
236 956 1814 1041 le mode, nous altérons l'harmonie de cette
236 1048 1810 1143 quinte fa dans la baſſe fondamentale, il faut
236 1141 1709 1236 ne l'altérer que le moins qu'il eſt poſſible.
337 1232 1807 1325 97. C'eſt pourquoi au lieu de ſol, nous
239 1324 1809 1421 prendrons ſa quinte re, qui eſt le ſon qui en
238 1418 1810 1511 approche le plus, & nous aurons pour la
241 1508 1808 1604 quinte fa, l'accord fa la ut re, qu'on appelle
242 1600 984 1684 accord de grande ſixte.
356 1689 1810 1788 On peut remarquer ici l'analogie qui s'ob-
245 1786 1812 1880 ſerve entre lharmonie de la quinte ſol, &
247 1877 1771 1965 celle de la quinte fa.
346 1957 1820 2063 98. La quinte ſol en montant au- deſſus du
246 2062 1824 2160 générateur a un accord tout compoſé de tier-
249 2151 1820 2248 ces en montant depuis ſol, ſol, ſi, re, fa,
250 2244 1823 2339 or la quinte fa étant au deſſous du générateur
252 2272 1823 2422 RXiX XX—
254 2431 1824 2524 d'ut vers fa par tierces, ut, la, fa, é, qui
257 2519 1819 2614 contient les mêmes ſons que l'accord fa, la,
251 2613 1487 2706 uu, , donné à la quinte fa.
353 2702 1825 2799 99. On voit de plus, que laltération de
257 2799 1824 2891 Jharmonie des deux quintes ne conſiſte que
259 2890 1828 3056 RiRXXtXXXRX—
259 2982 1831 3067 & d autre à lharmonie de ces deux quintes.
1504 3075 1563 3147 E
