2303 3450
513 267 601 322 10
734 242 1801 325 ELEMENSDE MvsI0vE
513 351 2040 446 on peut arriver d'ut à ré, en paſſant par un
514 441 2039 532 ſon intermédiaire qui ſera plus haut d'un de-
514 530 2042 622 mi-ton que ut, & plus bas d'un demi - ton
517 621 2042 729 que re. Un ſon de la gamme s'appelle dieze,
517 709 2045 806 quand il eſt élevé d'un demi-ton, & ſe deſi-
521 797 2042 894 gne par cette marque X; ainſi ut ſignifie
520 889 2042 984 ut dieze, c'eſt- à-dire, ut élevé d'un demi-
523 979 2044 1072 ton au-deſſus de lut de la gamme. Un ſon
523 1068 2045 1162 de la gamme baiſſé d'un demi-ton s'appelle
528 1157 2050 1252 bemol, & ſe déſigne par un ; ainſi la ſigni-
526 1247 1907 1333 fie la bemol, ou la baiſſé d'un demi-ton.
787 1501 1762 1573 CHIAPITRE V.
614 1628 1961 1739 Ce que c'eſt que conſonance diſſonance.
532 1793 2052 1969 Uc:
844 1884 2057 1979 nion plait à l'oreille, s'appelle accord
533 1972 2050 2067 conſonant; & les ſons qui forment cet accord
535 2067 2054 2159 sappellent conſonances les uns par rapport
536 2152 2054 2235 aux autres. La raiſon de cette dénomination
538 2240 2056 2397 r e: re e
540 2330 2059 2430 les ſons qui le forment ſe confondent davan-
542 2424 1044 2497 tage enſemhle.
635 2505 2060 2605 17. L'octave d'un ſon eſt la plus parfaite
542 2600 2059 2684 des conſonances que ce ſon puiſſe avoir; en-
613 2726 2061 2801 Ainſi comparer des ſons entr'eux neſt autre choſe que
548 2788 2065 2864 comparer entr'eux les nombres de vibrations que font pen-
551 2851 1995 2923 dant un certain tems les cordes qui produiſent ces ſons.
