2303 3565
518 291 635 372 48
738 282 1854 370 EtEMENSDE Mvs10vE
519 393 2082 493 foible, & ceſt une marque qu'on ne les a
516 486 2082 584 pas aſſez diminuées. Il faudra donc revenir
514 579 2083 680 fur ſes pas juſqu'à ce que la derniere quinte
517 671 1629 766 ſoit d accord d'elle- même (x).
581 850 2080 918 (x) Au reſte, nous devons avoier avec M. Rameau ,
515 916 2079 988 que ce tempérament sécarte beaucoup de celui qui eſt
513 982 2078 1053 en uſage: voici en quoi ce dernier conliſte pour lorgue
515 1047 2078 1113 & le clavecin. On commence par lut du milieu du clavier,
517 1112 2075 1180 & on affoiblit les quatre premieres quintes ſol, re, la, mi,
512 1175 2077 1244 juſqu'à ce que mi faſſe la tierce majeure juſte avec ut3
509 1243 2076 1313 partant enſuite de ce mi, on accorde les quintes ſi, fa ,
511 1307 2076 1379 ut , ſol , mais en les affoibliſſant moins que les pre-
508 1372 2073 1442 mieres, de maniere que ſol faſſe à peu près la tierce
505 1435 2072 1507 majeure juſte avec mi. Quand on eſt arrivé au ſol on
501 1503 2072 1572 s arrète; on reprend le premier ut, on accorde ſa quinte
489 1567 2070 1640 ſa en deſcendant, puis la quinte ſi h, &c. & on renforce
500 1633 2068 1701 un peu toutes ces quintes juſqu'à ce qu'on ſoit arrivé au
496 1698 2068 1766 reb, qui doit faire en deſcendant la quinte juſte, ou à
492 1763 1684 1831 très- peu près, avec le ſol déjà accordé.
577 1828 2064 1893 Si dans le tempérament ordinaire on rencontre des
490 1893 2063 1961 tierces moins altérées que dans celui de M. Rameau, en
490 1958 2062 2029 récompenſe les quintes y ſont beaucoup plus fauſſes, &
488 2024 2061 2094 plulieurs tierces le ſont auſſi; de maniere que ſur un cla-
492 2088 2058 2165 vecin accordé par le tempérament ordinaire, il y a cinq
490 2155 2058 2228 ou ſix modes inſupportables, & dans leſquels on ne peut
487 2221 2057 2291 rien exécuter. Au contraire, dans le tempérament de
492 2285 2059 2355 M. Rameau, tous les modes ſont également parfaits, nou-
490 2350 2055 2424 velle preuve en ſa faveur, puiſque le tempérament eſt
486 2414 2055 2483 principalement néceſſaire pour paſſer d'un mode dans un
488 2480 2054 2553 autre ſans que l'oreille ſoit choquée; par exemple du mo-
481 2546 2051 2616 de d'ut au mode de ſol, du mode de ſol au mode de re,
485 2611 2051 2679 &c e ſcai bien que cette uniformité dans les modulations
480 2677 2049 2744 paroitra un défaut à la plùpart des Muſiciens: car ils s'ima-
483 2742 2045 2815 ginent qu' en faiſant les demi-tons de la gamme inégaux,
482 2807 2041 2880 ils donnent à chaque mode un caractere particulier, de
481 2872 1604 2940 auere que, ſelon eux, la gamme d'ut,
817 3003 1953 3079 t, R, mi,fa, ol, la,i, VT,
581 850 2080 918 (x) Au reſte, nous devons avoier avec M. Rameau ,
515 916 2079 988 que ce tempérament sécarte beaucoup de celui qui eſt
513 982 2078 1053 en uſage: voici en quoi ce dernier conliſte pour lorgue
515 1047 2078 1113 & le clavecin. On commence par lut du milieu du clavier,
517 1112 2075 1180 & on affoiblit les quatre premieres quintes ſol, re, la, mi,
512 1175 2077 1244 juſqu'à ce que mi faſſe la tierce majeure juſte avec ut3
509 1243 2076 1313 partant enſuite de ce mi, on accorde les quintes ſi, fa ,
511 1307 2076 1379 ut , ſol , mais en les affoibliſſant moins que les pre-
508 1372 2073 1442 mieres, de maniere que ſol faſſe à peu près la tierce
505 1435 2072 1507 majeure juſte avec mi. Quand on eſt arrivé au ſol on
501 1503 2072 1572 s arrète; on reprend le premier ut, on accorde ſa quinte
489 1567 2070 1635 ſa en deſcendant, puis la quinte ſh, &c. & on renforce
500 1633 2068 1701 un peu toutes ces quintes juſqu'à ce qu'on ſoit arrivé au
496 1698 2068 1766 reb, qui doit faire en deſcendant la quinte juſte, ou à
492 1763 1667 1803 rà rre u1 l ſ / 2 rA
493 1803 1684 1828 ⸗ ⸗02 0 0... 0
564 1803 2064 1893 Si dans le tempérament ordinaire on rencontre des
490 1893 2063 1961 tierces moins altérées que dans celui de M. Rameau, en
490 1958 2062 2029 récompenſe les quintes y ſont beaucoup plus fauſſes, &
488 2024 2061 2094 plulieurs tierces le ſont auſſi; de maniere que ſur un cla-
492 2088 2058 2165 vecin accordé par le tempérament ordinaire, il y a cinq
490 2155 2058 2228 ou ſix modes inſupportables, & dans leſquels on ne peut
487 2221 2057 2291 rien exécuter. Au contraire, dans le tempérament de
492 2285 2059 2355 M. Rameau, tous les modes ſont également parfaits, nou-
490 2350 2055 2424 velle preuve en ſa faveur, puiſque le tempérament eſt
486 2414 2055 2483 principalement néceſſaire pour paſſer d'un mode dans un
488 2480 2054 2553 autre ſans que l'oreille ſoit choquée; par exemple du mo-
481 2546 2051 2616 de d'ut au mode de ſol, du mode de ſol au mode de re,
485 2611 2051 2679 &c e ſcai bien que cette uniformité dans les modulations
480 2677 2049 2744 paroitra un défaut à la plùpart des Muſiciens: car ils s'ima-
483 2742 2045 2815 ginent qu' en faiſant les demi-tons de la gamme inégaux,
482 2807 2041 2880 ils donnent à chaque mode un caractere particulier, de
481 2872 1604 2940 auere que, ſelon eux, la gamme d'ut,
817 3003 1766 3063 ure, mi, fa, ol, la, i, LT..
1908 3080 2040 3161 Par
