2303 3506
260 432 1801 635 AVERTISSEMEN
246 635 467 904 E
191 627 1835 2797 N liſant les excellens Traités que
191 627 1835 2797 M. Rameau a donnés ſur ſon Art,
191 627 1835 2797 jai compoſé ce petit Ouvrage, à la
191 627 1835 2797 priere de quelques amis, qui deſiroient,
191 627 1835 2797 quoique peu verſés dans la Muſique,
191 627 1835 2797 de s'inſtruire des découvertes & des
191 627 1835 2797 principes de cet illuſtre Artiſte. L Ou-
191 627 1835 2797 vrage leur ayant paru clair & métho-
191 627 1835 2797 dique, ils m'ont engagé à le mettre au
191 627 1835 2797 jour, perſuadés, peut-être trop lége-
191 627 1835 2797 rement, qu'il ſervira à faciliter aux
191 627 1835 2797 Commencans l'étude de lHarmonie.
191 627 1835 2797 Ceſt le ſeul motif qui ſoit capable de
191 627 1835 2797 me déterminer à publier un Livre,
191 627 1835 2797 dont je nhèſiterois pas à me faire hon-
191 627 1835 2797 neur ſi le fonds m'en appartenoit, mais
191 627 1835 2797 dans lequel rien n'eſt à moi que lor-
191 627 1835 2797 dre, & les fautes qui pourront s'y trou-
191 627 1835 2797 Ver.
176 2790 1835 2914 Il ne s'agit point ici du principe phy-
1386 2904 1572 3039 a iij
