2303 3509
508 265 614 328 20
749 235 1814 316 E MvsIOE
518 339 2056 513 ue e eu
523 435 2060 536 s enſuit que le mode majeur eſt louvrage
519 535 1321 609 immédiat de la nature.
618 612 2058 718 29. Le frémiſſement de la douziéme & de
519 705 2058 809 la dix-ſeptiéme majeure au-deſſous du ſon
572 794 2059 902 cipal frémiſſement qu'on a établi dans
518 836 2061 989 eXXX5XrXXr5
517 977 2063 1062 autre découverte. La tierce mineure au-deſ-
518 1070 2056 1165 ſous d'ut étant la, il s'enſuit que la tierce
517 1162 2059 1264 majeure au-deſſous d'ut ſera la ; car la tier-
516 1250 2059 1352 ce majeure, par les définitions données dans
516 1340 2060 1437 lIntroduction, eſt un intervalle plus grand
517 1433 2063 1531 d'un demi-ton que la tierce mineure: or lin-
517 1526 2054 1609 tervalle de ut à la eſt une tierce mineure,
512 1616 2058 1705 donc l'intervalle de ut à la, ſera une tierce
514 1705 2057 1806 majeure. Doù il s'enſuit que la dix- ſeptiéme
513 1733 2058 1896 rXiXX
512 1886 2057 1984 ve de la en deſcendant. De même la quin-
511 1977 2055 2071 te au-deſſous d'ut étant fa, la douziéme au-
510 2066 2054 2240 deſſous dut ſera loctave de fa en deſcen-
560 2191 1178 2238 ant.
518 2248 2056 2349 30. De-là, & de cette facilité naturelle
511 2342 2053 2443 que nous avons de confondre les ſons avec
509 2432 2054 2528 leurs octaves, nous pouvons former ce chant
508 2520 2052 2623 indiqué par la nature fa, lah, ut, dans le-
508 2613 2054 2781 Xt XXX
536 2701 2054 2802 on fa, eſt mineure; & voila lorigine du gen-
508 2800 1454 2892 re ou mode appellé mineur.
601 2882 2048 2987 31. Mais comme les ſons fa, lah, ou
