2303 3504
466 236 611 360 24
713 223 1874 328 ELEMENSDE MvsIOVE
480 355 2087 902 pris dans la progreſſion des quintes, ne ſont
480 355 2087 902 en aucune maniere harmoniques l'un de l'au-
480 355 2087 902 tre, & par conſéquent ils ne ſcauroient ſe
480 355 2087 902 ſuccéder immédiatement (). Donc les ſons
480 355 2087 902 ut & re ne ſcauroient non plus ſe ſuccéder
480 355 2087 902 K XXXXXX
425 894 2068 1612 37. Et comme ces ſons ut & r, par la
425 894 2068 1612 premiere expérience, portent naturellement
425 894 2068 1612 avec eux les accords parfaits majeurs ut mi
425 894 2068 1612 ſol ut, r fa la re; il en réſulte cette re-
425 894 2068 1612 gle, que deux aceods parfaits, ſur tout lorſ-
425 894 2068 1612 qu ils ſont majeurs (), ne peuent ſe ſucceder
425 894 2068 1612 diatoniquement dans une baſſe fondamentale ;
453 1574 2082 2999 Ceſt à quoi on parvlendra facilement par la méthode ex-
453 1574 2082 2999 pliquée (Note d); & on trouvera que le premier de ces
453 1574 2082 2999 intervalles eſt au ſecond comme 27 fois 6 eſt à 5 fois 32
453 1574 2082 2999 gu, ce qui eſt la même choſe, comme 27 fois 3 à5 fois
453 1574 2082 2999 16, ceſt-à- dire comme 81 à 80: donc la tierce mineure
453 1574 2082 2999 de la à ut n'eſt pas la meme que la tierce mineure har-
453 1574 2082 2999 monique: donc cette tierce de la à ut neſt pas parfaite-
453 1574 2082 2999 ment juſte, lorſquon conſidere la comme quinte de re.
453 1574 2082 2999 () Lorſque ui & fa ſe ſuccedent, la reſonne dans fa;
453 1574 2082 2999 mais ce la, ou ſa double octave, eſt tierce majeuee juſte
453 1574 2082 2999 de fa, & fait une tierce mineure parfaitement juſte avec ut.
453 1574 2082 2999 Ainſi il ny a pas alors le meme inconvénient que quand ut
453 1574 2082 2999 & re ſe ſuccedent.
453 1574 2082 2999 (i) e dis ſur-tout lorſqu its ſont majeurs; car dans l'ac-
453 1574 2082 2999 cord majeur re fa la re, outre le la qui fait avec ut une
453 1574 2082 2999 tierce mineure alterée, on trouve encore fa qui fait une
453 1574 2082 2999 fauſſe quinte avec cet ut; laccord mineur re ſa la re ſe-
453 1574 2082 2999 er trt Xe
453 1574 2082 2999 contre porte avec lui ſa quinte ut; ou plûtôt l'octave de
453 1574 2082 2999 cette quinte. Auſſi on fait quelquefois, par licence, ſucc-
453 1574 2082 2999 t iatoniquement un accord mineur à un majeur.
456 1615 2070 2466 Ceſt à quoi on parvlendra facilement par la méthode ex-
456 1615 2070 2466 pliquée (Note d); & on trouvera que le premier de ces
456 1615 2070 2466 intervalles eſt au ſecond comme 27 fois 6 eſt à 5 fois 32
456 1615 2070 2466 Ou, ce qui eſt la même choſe, comme 27 fois 3 à5 fois
456 1615 2070 2466 16, ceſt-à -dire comme 81 à 80: donc la tierce mineure
456 1615 2070 2466 de la à ut n'eſt pas la meme que la tierce mineure har-
456 1615 2070 2466 monique: donc cette tierce de la à ut neſt pas parfaite-
456 1615 2070 2466 ment juſte, lorſquon conſidere la comme quinte de re.
456 1615 2070 2466 () Lorſque ui & fa ſe ſuccedent, la reſonne dans fa;
456 1615 2070 2466 mais ce la, ou ſa double octave, eſt tierce majeuee juſte
456 1615 2070 2466 de fa, & fait une tierce mineure parfaitement juſte avec ut.
456 1615 2070 2466 Ainſi il ny a pas alors le meme inconvénient que quand ut
456 1615 2070 2466 & re ſe ſuccedent.
490 2460 2073 3005 () e dis ſur-tout lorſqu'is ſont majeurs; car dans lac-
490 2460 2073 3005 cord majeur re fa la re, outre le la qui fait avec ut une
490 2460 2073 3005 tierce mineure alterée, on trouve encore fa qui fait une
490 2460 2073 3005 fauſſe quinte avec cet ut; laccord mineur re ſa la re ſe-
490 2460 2073 3005 er trt Xe
490 2460 2073 3005 contre porte avec lui ſa quinte ut; ou plûtôt l'octave de
490 2460 2073 3005 cette quinte. Auſſi on fait quelquefois, par licence, ſucc-
490 2460 2073 3005 t iatoniquement un accord mineur à un majeur.
