2303 3494
476 216 573 284 x
720 203 1815 287 AVERTIEMEM.
473 331 2001 446 que à pluſieurs parties, & qui étant
471 445 2001 557 moins rigoureuſes, s'apprennent prin-
470 554 1999 666 cipalement par l'uſage, létude des
470 664 2001 773 des grands modeles, le ſecours d'un
470 773 1997 889 bon Maitre, & ſur-tout par loreille,
475 889 2000 1000 & par le goût. Cet Ouvrage n'eſt pro-
470 997 1999 1112 prement, ſi je puis m'exprimer ainſi,
480 1109 2005 1221 qu'un Rudiment de Muſique deſtiné à
473 1218 2000 1333 développer aux Commencans les prin-
471 1331 2016 1440 cipes fondamentaux, & non les dé-
480 1441 672 1522 tails.
582 1556 2000 1667 On doit encore moins ſe perſuader
474 1666 2007 1779 qu'il ſuffiſe, pour faire de bonne Mu-
474 1774 2003 1885 ſique, de s'être bien familiariſé avec
474 1883 2008 2000 les principes expoſés dans ce Livre. On
472 1996 2004 2111 pourra ſeulement y apprendre juſqu'à
472 2107 2006 2220 un certain point la méchanique de
472 2215 2002 2311 lArt; c'eſt à la nature à faire le reſte:
472 2323 2006 2440 ſans elle on ne compoſera pas de meil-
476 2436 2010 2548 leure Muſique pour avoir lû cet Ou-
477 2548 2012 2659 vrage, qu'on ne fera de bons Vers avec
479 2655 2015 2756 Richelet. Ce ſont, en un mot, des
481 2764 2012 2868 Elémens de Muſique, & non des Elé-
