2303 3560
492 233 1587 328 Tuxonrvr Er PArIQvE.
1716 246 1818 339 85
237 345 1816 450 mi donnera ſol : or le demi -ton qui ſe
241 444 1811 543 trouve entre ce ſol & ce ſol eſt beaucoup
242 534 1808 691 krt:
272 625 1809 725 e diatonique entre mi & fa, ou entre
230 713 1806 819 ſi & ut: on peut s en aſſurer par le calcul ();
244 807 1809 910 c'eſt pour cela que le demi- ton du mi au fa
240 900 1705 984 eſt appellé majeur, & lautre mineur (7).
346 986 1807 1093 140. Si la baſſe fondamentale procédoit
239 1089 1807 1186 par tierces mineures, en cette ſorte, ut mi h,
251 1269 1808 1343 (y) En eſſet ut étant 1, comme nous le ſuppoſons toû-
239 1335 1807 1422 jours, mi eſt , & ſol X : or ſol étant, donc /ol X
242 1418 1804 1500 ſera à ſol comme eſt à, ceſt-à- dire comme 25 fois 2
244 1501 1810 1575 à 3 fois 16, ou comme 25 à 24: donc le rappoit de ſol
242 1568 1811 1640 à ſol eſt de 25 à 24, intervalle beaucoup plus petit que ce-
240 1631 1808 1707 lui de 16 à 15, qui conſtitue le demi-ton de ut à ſi, ou de
230 1696 1518 1766 a à mi (Moie n).
253 1762 1812 1836 () On peut obſerver que le demi-ton mineur, joint
241 1828 1809 1895 avec le demi-ton majeur, forme le ton mineur, ceſt-à-dire
239 1892 1811 1965 que ſi on monte, par exemple, du mi au fa par l'interval-
240 1949 1810 2031 le du demi- ton majeur, & enſuite du fa au fa X par lin-
242 2024 1809 2103 tervalle du demi-ton mineur, l'intervalle du mi au fa
242 2089 1810 2167 ſera un ton mineur; car ſuppoſons que mi ſoit 1, fa ſera
245 2155 1809 2239 ?,& a lera de , ceſt à-dire 25 fois 16 diviſ
242 2235 1811 2326 par 24 fois 15, ou ; intervalle qui conſtitue le ton mi-
242 2318 1341 2400 neur (Note p).
251 2385 1812 2456 A l'egard du ton majeur, on ne ſcauroit le former exac-
241 2450 1810 2522 tement par deux demi-tons; car 1ꝰ. deux demi tons ma-
244 2513 1812 2595 jeurs conlécutifs donneroient plus qu'un ton majeur: en
247 2580 1809 2666 effet multiplié par donne ?, qui eſt plus grand
246 2663 1809 2742 que , intervalle qui conſtitue le ton majeur: 2ꝰ. un de-
249 2748 1811 2818 mi ton mineur & un demi-ton majeur donneroient moins
247 2810 1806 2885 que le ton majeur, puiſqu ils donnent le ton mineur: 3. à
247 2874 1812 2951 plus forte raiſon deux demi-tons mineurs donneroient en
250 2957 558 3004 Cre moi.
251 1269 1808 1343 (y) En eſſet ut étant 1, comme nous le ſuppoſons toû-
239 1335 1807 1422 jours, mi eſt , & ſol X : or ſol étant, donc /ol X
242 1418 1804 1500 ſera à ſol comme eſt à, ceſt-à- dire comme 25 fois 2
244 1501 1810 1575 à 3 fois 16, ou comme 25 à 24: donc le rappoit de ſol
242 1568 1811 1640 à ſol eſt de 25 à 24, intervalle beaucoup plus petit que ce-
240 1631 1808 1707 lui de 16 à 15, qui conſtitue le demi-ton de ut à ſi, ou de
242 1696 1010 1751 fa à mi l Note n.
230 1748 1812 1836 () On peut obſerver que le demi-ton mineur, joint
241 1828 1809 1895 avec le demi-ton majeur, forme le ton mineur, ceſt-à-dire
239 1892 1811 1965 que ſi on monte, par exemple, du mi au fa par l'interval-
240 1949 1810 2031 le du demi- ton majeur, & enſuite du fa au fa X par lin-
242 2024 1809 2094 tervalle du demi-ton mineur, l'intervalle du mi au fa
242 2089 1810 2167 ſera un ton mineur; car ſuppoſons que mi ſoit 1, fa ſera
245 2155 1809 2239 ?,& a lera de , ceſt à-dire 25 fois 16 diviſ
242 2235 1811 2326 par 24 fois 15, ou ; intervalle qui conſtitue le ton mi-
242 2318 661 2378 neur (Note p).
276 2382 1812 2456 A légard du ton majeur, on ne ſcauroit le former exac-
241 2450 1810 2522 tement par deux demi-tons; car 1ꝰ. deux demi tons ma-
244 2513 1812 2584 jeurs conlécutifs donneroient plus qu'un ton majeur: en
247 2580 1809 2666 effet multiplié par donne qui eſt plus grand
246 2663 1809 2742 que , intervalle qui conſtitue le ton majeur: 2ꝰ. un de-
249 2748 1811 2818 mi ton mineur & un demi-ton majeur donneroient moins
247 2810 1806 2885 que le ton majeur, puiſqu ils donnent le ton mineur: 3. à
247 2874 1812 2951 plus forte raiſon deux demi-tons mineurs donneroient en
250 2957 558 3004 Cre moi.
1401 3010 1530 3109 Füj
