2303 3554
482 263 576 341 72
717 231 1804 314 E1EMENS DE MSs1OE
485 343 2045 450 que le mineur eſt en partie l'ouvrage de l'art
485 436 2044 531 Mais en récompenſe le mode majeur a recu
485 527 2043 618 de la nature, dont il eſt immédiatement for-
486 623 2044 715 mé, une force & une vigueur que le mineur
484 719 1600 816 n'a pas.
719 1003 1802 1103 C HAPITRE XIV.
566 1172 1941 1276 Des diffeentes ſortes d'accords de ſeptieme.
474 1341 2037 1528 La.ti
858 1435 2037 1525 de la dominante & de la ſous-do-
471 1528 2035 1629 minante, quoiqu indiquée en quelque ma-
470 1618 2034 1724 niere par la nature (Cap. Il.), eſt cepen
470 1711 2031 1811 dant un ouvrage de l'art: mais comme elle
470 1802 2032 1913 produit de grandes beautés dans l'harmonie
470 1894 2031 2014 par la variété qu'elle y introduit, voyons ſi
471 1987 2028 2089 en conſéquence de ce premier pas, lart ne
471 2079 1703 2175 pourroit pas encore aller plus loin.
685 1357 824 1528 J
477 2187 2025 2271 113. Nous avons dejà trois citterentes ei-
470 2261 1820 2381 peces d'accords de ſeptiéme, ſcavoir:
570 2353 2024 2450 1. Laccord ſol ſi re fa, compoſe d'une
464 2445 2021 2545 tierce majeure ſuivie de deux tierces mineu-
461 2575 585 2632 es.
560 2628 2013 2726 28. Laceord r fa la ut, ou ſ ri fa X la,
460 2720 2018 2821 compoſé d' une tierce majeure entre deux mi
458 2846 703 2906 ne ures,
551 2904 2012 3023 3L. Laccord ſi / a la, compoſe de deux
475 2350 2024 2450 1. L'accord ſol ſi re fa, compoſé d'une
464 2445 2021 2545 tierce majeure ſuivie de deux tierces mineu-
461 2575 585 2632 es.
560 2628 2013 2726 28. Laceord r fa la ut, ou ſ ri fa X la,
460 2720 2018 2821 compoſé d' une tierce majeure entre deux mi
458 2846 703 2906 ne ures,
551 2904 2012 3021 3L. Laccord ſi / ſa la, compoſé de deux
