2303 3504
494 272 595 341 24
731 249 1838 328 ELEMENSDE MvsIOVE
500 355 2052 458 pris dans la progreſſion des quintes, ne ſont
501 447 2047 540 en aucune maniere harmoniques l'un de l'au-
505 537 2050 635 tre, & par conſéquent ils ne ſcauroient ſe
504 629 2049 718 ſuccéder immédiatement (). Donc les ſons
508 718 2047 813 ut & re ne ſcauroient non plus ſe ſuccéder
505 747 2045 891 K XXXXXX
604 899 2048 994 37. Et comme ces ſons ut & r, par la
504 993 2051 1089 premiere expérience, portent naturellement
505 1081 2047 1176 avec eux les accords parfaits majeurs ut mi
494 1173 2050 1269 ſol ut, r fa la re; il en réſulte cette re-
506 1261 2047 1381 gle, que deux aceods parfaits, ſur tout lorſ-
504 1353 2053 1450 qu ils ſont majeurs (), ne peuent ſe ſucceder
506 1444 2041 1552 diatoniquement dans une baſſe fondamentale ;
497 1631 2045 1704 Ceſt à quoi on parvlendra facilement par la méthode ex-
497 1697 2044 1782 pliquée (Note d); & on trouvera que le premier de ces
501 1760 2045 1832 intervalles eſt au ſecond comme 27 fois 6 eſt à 5 fois 32
505 1825 2047 1897 gu, ce qui eſt la même choſe, comme 27 fois 3 à5 fois
511 1889 2045 1957 16, ceſt-à- dire comme 81 à 80: donc la tierce mineure
504 1952 2044 2023 de la à ut n'eſt pas la meme que la tierce mineure har-
506 2018 2046 2089 monique: donc cette tierce de la à ut neſt pas parfaite-
506 2082 1942 2154 ment juſte, lorſquon conſidere la comme quinte de re.
574 2147 2039 2213 () Lorſque ui & fa ſe ſuccedent, la reſonne dans fa;
508 2210 2044 2281 mais ce la, ou ſa double octave, eſt tierce majeuee juſte
508 2273 2044 2344 de fa, & fait une tierce mineure parfaitement juſte avec ut.
509 2335 2045 2411 Ainſi il ny a pas alors le meme inconvénient que quand ut
510 2407 983 2472 & re ſe ſuccedent.
532 2464 2049 2536 (i) e dis ſur-tout lorſqu its ſont majeurs; car dans l'ac-
508 2529 2045 2601 cord majeur re fa la re, outre le la qui fait avec ut une
508 2593 2045 2664 tierce mineure alterée, on trouve encore fa qui fait une
507 2658 2043 2734 fauſſe quinte avec cet ut; laccord mineur re ſa la re ſe-
507 2720 2036 2835 er trt Xe
507 2783 2035 2859 contre porte avec lui ſa quinte ut; ou plûtôt l'octave de
505 2849 2035 2924 cette quinte. Auſſi on fait quelquefois, par licence, ſucc-
501 2914 1836 2991 t iatoniquement un accord mineur à un majeur.
497 1631 2045 1704 Ceſt à quoi on parvlendra facilement par la méthode ex-
497 1697 2044 1782 pliquée (Note d); & on trouvera que le premier de ces
501 1760 2045 1832 intervalles eſt au ſecond comme 27 fois 6 eſt à 5 fois 32
505 1825 2047 1897 Ou, ce qui eſt la même choſe, comme 27 fois 3 à5 fois
511 1881 2045 1957 16, ceſt-à -dire comme 81 à 80: donc la tierce mineure
504 1946 2044 2023 de la à ut n'eſt pas la meme que la tierce mineure har-
506 2018 2046 2089 monique: donc cette tierce de la à ut neſt pas parfaite-
506 2082 1942 2154 ment juſte, lorſquon conſidere la comme quinte de re.
574 2147 2039 2213 () Lorſque ui & fa ſe ſuccedent, la reſonne dans fa;
508 2210 2044 2281 mais ce la, ou ſa double octave, eſt tierce majeuee juſte
508 2273 2044 2344 de fa, & fait une tierce mineure parfaitement juſte avec ut.
509 2333 2045 2411 Ainſi il ny a pas alors le meme inconvénient que quand ut
510 2407 983 2466 & re ſe ſuccedent.
532 2467 2049 2536 () e dis ſur-tout lorſqu'is ſont majeurs; car dans lac-
508 2529 2045 2601 cord majeur re fa la re, outre le la qui fait avec ut une
508 2593 2045 2664 tierce mineure alterée, on trouve encore fa qui fait une
507 2658 2043 2734 fauſſe quinte avec cet ut; laccord mineur re ſa la re ſe-
507 2720 2036 2835 er trt Xe
507 2783 2035 2859 contre porte avec lui ſa quinte ut; ou plûtôt l'octave de
505 2849 2035 2924 cette quinte. Auſſi on fait quelquefois, par licence, ſucc-
501 2914 1836 2991 t iatoniquement un accord mineur à un majeur.
