2303 3494
481 187 626 297 16
714 163 1934 309 E1EMENSDE MsIoE
609 320 1934 425 ToIsIEME EXPERIENCE.
487 455 2102 675 24. Il n'y a perſonne qui ne s'appercoive
487 455 2102 675 de la reſſemblance qu'il y a entre un ſon &
459 706 2158 2941 : de ſorte que ſera à dans le meme rapport que
459 706 2158 2941 à ceſt-à- dire dans le même rapport que 10 à 12, ou
459 706 2158 2941 que 5 à 6. Donc, ſi deux ſons forment entr'eux une tierce
459 706 2158 2941 mineure, & que le premier ſoit repréſenté par5, le ſe-
459 706 2158 2941 cond le ſera par 6; ou, ce qui eſt la même choſe, ſi le
459 706 2158 2941 premier eſt repréſenté par 1, le ſecond le ſera par .
459 706 2158 2941 Ainſi la tierce mineure armonique qui ſe trouve dans la
459 706 2158 2941 reſonnance meme du corps ſonore entre les ſons mi & ſol
459 706 2158 2941 nonigues du ſon principal, peut etre exprimée par la
459 706 2158 2941 action .
459 706 2158 2941 M. B. On voit par cet exemple, que pour comparer en-
459 706 2158 2941 tr'eux deux ſons qui ſont exprimés par des fractions, il
459 706 2158 2941 faut d abord multiplier le haut de la fraction qui exprime
459 706 2158 2941 le premier, par le bas de la fraction qui exprime le ſecond,
459 706 2158 2941 ce qui donnera un premier nombre, comme ici le haut 5
459 706 2158 2941 ricXernXct—
459 706 2158 2941 lonné 10. Enſuite on multipliera le haut de la ſeconde
459 706 2158 2941 fraction par le bas de la premiere, ce qui donnera un ſe-
459 706 2158 2941 ond nombre, comme ici 12 qui eſt le produit de 4 par 33
459 706 2158 2941 & le rapport de ces deux nombres (qui dans l'exemple
459 706 2158 2941 précédent ſont 10 & 12) exprimera le rapport de ces ſons,
459 706 2158 2941 ou, ce qui revient au même, l'intervalle qu'il y a de l'un
459 706 2158 2941 à lautre; de maniere que plus le rapport de ces ſons dif-
459 706 2158 2941 férera de l'unité, plus l'intervalle ſera grand.
459 706 2158 2941 Voilà comment on compare entr eux deux ſons dont on
459 706 2158 2941 conoit la valeur numérique. Voici maintenant comment
459 706 2158 2941 u:ie
459 706 2158 2941 le rapport qu'il doit avoir avec un autre ſon dont lexpreſ-
459 706 2158 2941 ſion numérique eſt donnée
459 706 2158 2941 Par exemple, ſuppoſons que lon cherche la tierce ma-
459 706 2158 2941 jeure de la quinte , cette tierce majeure doit être, par
459 706 2158 2941 ce qui a été dit ci-deſſus, les de la quinte; car la tierce
499 692 2085 1180 ; de ſorte que ſera à dans le meme 1apport que
499 692 2085 1180 à ceſt-à- dire dans le même rapport que 10 à 12, ou
499 692 2085 1180 que 5 à 6. Donc, ſi deux ſons forment entr' eux une tierce
499 692 2085 1180 mineure, & que le premier ſoit repréſenté par5, le ſe-
499 692 2085 1180 cond le ſera par 6; ou, ce qui eſt la même choſe, ſi le
499 692 2085 1180 premier eſt repreiente par 1, le ſecond le ſera par .
458 1179 2130 1465 Ainſi la tierce mineure armonique qui ſe trouve dans la
458 1179 2130 1465 reſonnance meme du corps ſonore entre les ſons mi & ſol
458 1179 2130 1465 nonigues du ſon principal, peut etre exprimée par la
458 1179 2130 1465 action .
498 1442 2114 2384 N. B. On voit par cet exemple, que pour comparer en-
498 1442 2114 2384 tr'eux deux ſons qui ſont exprimés par des fractions, il
498 1442 2114 2384 faut d abord multiplier le haut de la fraction qui exprime
498 1442 2114 2384 le premier, par le bas de la fraction qui exprime le ſecond,
498 1442 2114 2384 ce qui donnera un premier nombre, comme ici le haut 5
498 1442 2114 2384 ricXernXct—
498 1442 2114 2384 lonné 10. Enſuite on multipliera le haut de la ſeconde
498 1442 2114 2384 fraction par le bas de la premiere, ce qui donnera un ſe-
498 1442 2114 2384 ond nombre, comme ici 12 qui eſt le produit de 4 par 33
498 1442 2114 2384 & le rapport de ces deux nombres (qui dans l'exemple
498 1442 2114 2384 précédent ſont 10 & 12) exprimera le rapport de ces ſons,
498 1442 2114 2384 ou, ce qui revient au même, l'intervalle qu'il y a de l'un
498 1442 2114 2384 à lautre; de maniere que plus le rapport de ces ſons dif-
498 1442 2114 2384 férera de l'unité, plus l'intervalle ſera grand.
515 2374 2122 2694 Voilà comment on compare entr eux deux ſons dont on
515 2374 2122 2694 conoit la valeur numérique. Voici maintenant comment
515 2374 2122 2694 on trouve lexpreſſion numérique d'un ſon, quand on ſcait
515 2374 2122 2694 tXXtuiXXXX
515 2374 2122 2694 ſion numérique eſt donnée
528 2697 2119 2936 Par exemple, ſuppoſons que lon cherche la tierce ma-
528 2697 2119 2936 jeure de la quinte , cette tierce majeure doit être, par
528 2697 2119 2936 ce qui a été dit ci-deſſus, les de la quinte; car la tierce
1945 2911 2149 3022 ſon
