2303 3547
444 264 533 335 2
675 234 1790 330 EEMENsDE MssIvE
455 350 2012 451 de plus parfaits les uns que les autres. Ainſi
456 449 1411 522 dans la baſſe fondamentale
583 585 1896 690 ut, ſol, ut, fa, ut, ſol, ut ,
460 728 2018 826 qui donne, comme nous avons vù, l'échelle
463 820 2018 914 diatonique des Modernes, il y a repos ab-
463 913 2045 1005 ſolu de re à ſol, comme de ſol à ut; cepen-
464 1003 2022 1098 dant ce dernier repos abſolu eſt plus parfait
465 1097 2026 1256 tte XX
465 1188 2051 1282 cupée du mode d'ut par limpreſſion multi-
518 1280 2027 1373 lée du ſon ut qu'elle a déjà entendu trois
457 1310 2028 1467 XXXXr
469 1463 2029 1557 nérateur ut; & c'eſt ce qu'elle fait par le
471 1556 1148 1650 repos abſolu ſol ut.
548 1646 2034 1741 75. Au reſte, il ne faut pas confondre ce
474 1740 2035 1834 quon appelle vulgairement cadence dans la
478 1830 2035 1921 mélodie avec ce que nous venons de. nom-
479 1922 1479 1993 mer cadence dans lharmonie.
571 2013 2038 2110 Dans le premier cas, ce mot ne ſignifie
480 2039 2039 2203 XXX5ErX
483 2194 2044 2293 cond, il ſignifie un epos. Il eſt vrai cepen-
483 2283 2044 2377 dant que les tremblemens dans la voix indi-
488 2377 2043 2471 quent ou du moins annoncent aſſez ſouvent
489 2468 2045 2565 un repos ou actuel ou prochain dans la baſſe
490 2560 988 2628 fondamentale.
503 2653 2048 2750 76. Puiſquil y a repos d'un ſon à lautre
494 2741 2053 2846 dans la baſſe fondamentale, il yauſſi repos
498 2834 2051 2935 d'un ſon à l'autre dans l'échelle diatonique
491 2925 2061 3036 qui en eſt tirée, & qui repreſente cette baſſe 3
