2303 3546
568 245 1662 331 Turoorovr r PnArIovt.
310 358 1869 456 gu eſt à cet interalle en montant par rapport
308 449 1870 548 au plus grave, & que le plus grave eſt à
309 541 1868 634 cet interalle en deſcendant par rapport au plus
306 633 1868 739 aigu. Ainſi dans la tierce mineure mi ſol, où
306 723 1879 821 mi eſt le ſon grave & ſol le ſon aigu, ſol
307 815 1874 899 eſt à la tierce mineure de mi en montant, &
312 906 1869 968 & mi à la tierce mineure de ſol en deſcendant.
410 956 1871 1091 v ẽ sa i
312 1090 1871 1185 ſonores, on dit que lun eſt à la quinte de
310 1180 1867 1277 lautre au-deſſus ou en montant, cela veut dire
309 1273 1873 1366 que le ſon rendu par l'un eſt à la quinte en
309 1363 1595 1459 montant du ſon rendu par l'autre, &c.
356 1528 1840 1552 agu ee a a a a a l a e t a l l l l ll ll a l le l l ll lo l D
385 1552 1816 1570 Mo aa a . aa e
543 1605 1639 1720 CHAPITRE III.
404 1803 1833 1910 Des interalles plus grands que l'octave.
318 1990 1865 2159 Sirc xe x3
572 2081 1870 2176 mi, fa, ſol, la, ſi, T, on veut pouſ-
311 2172 1868 2268 ſer cette gamme plus loin en montant, on
312 2265 1867 2357 S'appercevra ſans peine qu'on formera une
311 2291 1867 2450 Xx
309 2448 1867 2542 entierement ſemblable à la premiere, & dont
316 2538 1870 2625 les ſons ſeront à loctave, en montant, de
313 2631 1867 2789 Xt
313 2722 1868 2816 gamme; ainſi RE, ſecond ſon de la ſeconde
367 2813 1879 2899 amme, ſera à l'octave en montant du re de
312 2839 1874 3003 X XX X
418 1996 548 2159 S
1475 2998 1636 3090 Aiiij
