2303 3573
545 268 1659 360 Tuxonrovr Prrovr.
1793 284 1893 370 69
315 378 1882 479 re, fa, la, ut, conſidéré comme renverſé de
315 475 1884 571 fa, ua, é, puiſſe être ſuivi de laccord
321 570 1885 661 ut, mi, ſol, ut. On en dira la raiſon au Cha-
323 664 715 754 pitre XVJ.
508 937 1657 1028 CHAPITRE XIII.
497 1125 1704 1217 ſages E regles du double emploi.
333 1298 1891 1471 NN L
515 1349 1894 1475 NNTſaüriirrv
322 1420 1894 1644 atk
374 1574 1896 1669 amentale fa, ut, ſol, re, en répétant deux
324 1667 1894 1765 fois le ſon ſol dans cette gamme; de ſorte que
315 1760 1895 1857 cette gamme eſt primitivement & originai-
324 1852 1896 1945 rement compoſée de deux tétracordes ſem-
324 1944 1896 2032 blables, l'un dans le mode d'ut, l'autre dans
325 2037 1899 2129 celui de ſol. Or on peut, au moyen du dou-
317 2128 1896 2221 ble emploi, conſerver limpreſſion du mode
324 2219 1897 2314 d'ut dans toute l'étendue de la gamme, & ſe
326 2311 1898 2405 diſpenſer de répéter deux fois le ſon ſol, ou
327 2404 1901 2499 même de ſous-entendre cette répétition. Il
329 2495 1904 2587 ne faut pour cela que former la baſſe fonda-
332 2587 1864 2686 mentale ſuivante (Voyez I.)
526 2732 1692 2829 ut, ſol, ut, fa, ut, ré, ſol, ut,
329 2879 1912 2978 dans laquelle ut eſt cenſé porter l'accord par-
332 2972 1910 3071 fait ut mi ſol ut; ſol, laccord ſol ſi re fa; fa,
515 1301 688 1474 N
1588 3048 1761 3161 Eij
