2303 3540
489 207 1616 348 Tutonrovr r PrI0vE.
1724 220 1891 374 ir
246 342 1878 534 ſuite la quinte, puis la tierce, &c. Ceſt un
246 342 1878 534 fait d'expérience.
210 537 1872 1280 18. Un accord compoſé de ſons dont l'union
210 537 1872 1280 déplait à loreille s appelle accod diſſonant,
210 537 1872 1280 & les ſons qui le forment ſont appellés diſ-
210 537 1872 1280 ſonances les uns par rapport aux autres. La
210 537 1872 1280 ſeconde, le triton, & la ſeptiéme d'un ſon,
210 537 1872 1280 ſont des diſſonances par rapport à lui. Ainſi
210 537 1872 1280 un accord compoſé des ſons ut re, ou ut ſi,
210 537 1872 1280 ou fa ſi, &c. eſt un accord diſſonant.
262 1286 1875 1939 19. Le terme de diſſonance vient de deux
262 1286 1875 1939 mots, l'un grec, l'autre latin, qui ſignifient ſon-
262 1286 1875 1939 ner deux fois; en effet, la raiſon qui rend la
262 1286 1875 1939 diſſonance deſagréable, c'eſt que les ſons qui
262 1286 1875 1939 la forment ne ſe confondent nullement à lo-
262 1286 1875 1939 reille, & ſont entendus par elle comme deux
262 1286 1875 1939 ſons diſtincts, quoique frappés à la- fois.
