2303 3572
473 276 1564 364 Tuxonrovr r PrIovx.
1748 283 1845 375 25
276 389 1844 484 ceſt- àdire que dans une baſſe fondamentale
276 482 1841 578 on ne ſcauroit faire ſuccéder diatoniquement
279 574 1838 670 deux ſons portant chacun laccord parfait,
276 666 1840 762 ſur- tout ſi l'accord parfait eſt majeur dans
275 761 763 832 tous les deux.
530 1037 1583 1128 CHAPITRE IV.
633 1212 1375 1308 Du mode en general.
274 1384 1840 1559 *LEia:::
597 1477 1835 1572 ſe que lordre preſcrit entre les ſons,
271 1570 1837 1663 tant en harmonie qu'en mélodie, par la pro-
269 1659 1834 1756 greſſion des quintes. Ainſi les trois ſons fa,
268 1752 1836 1848 ut, ſol, & les harmoniques de chacun de
267 1848 1839 1934 ces trois ſons, ceſt- à-dire leurs tierces ma-
253 1935 1839 2039 eures & leurs quintes, compoſent tout le
269 2030 889 2121 mode majeur d'ut.
425 1384 565 1559 L
368 2127 1832 2217 39. Donc la progreſſion ou baſſe fonda-
263 2214 1829 2309 mentale fa, ut, ſol, dans laquelle ut tient
268 2307 1829 2402 le milieu, peut être regardée comme repré-
266 2398 1831 2494 ſentant le mode d'ut. On pourra de même
317 2491 1828 2587 rendre la progreſſion ou baſſe fondamenta-
265 2515 1826 2676 raX
265 2612 1830 2772 X5XXXXX
265 2767 789 2862 le mode de fa.
366 2847 1825 2957 On voit par -là que le mode de ſol, ou
263 2949 1846 3057 plutôt la haſſe fondamentale de ce mode, a
