<pc:PcGts xmlns:pc="http://schema.primaresearch.org/PAGE/gts/pagecontent/2019-07-15" xmlns:xsi="http://www.w3.org/2001/XMLSchema-instance" xsi:schemaLocation="http://schema.primaresearch.org/PAGE/gts/pagecontent/2019-07-15 http://schema.primaresearch.org/PAGE/gts/pagecontent/2019-07-15/pagecontent.xsd">
    <pc:Metadata>
        <pc:Creator>OCR-D/core 2.4.4</pc:Creator>
        <pc:Created>2021-01-15T15:13:26</pc:Created>
        <pc:LastChange>2021-01-15T15:13:26</pc:LastChange>
        <pc:MetadataItem type="processingStep" name="preprocessing/optimization/binarization" value="ocrd-olena-binarize">
            <pc:Labels>
                <pc:Label value="sauvola" type="impl"/>
                <pc:Label value="0.34" type="k"/>
                <pc:Label value="101" type="win-size"/>
            </pc:Labels>
        </pc:MetadataItem>
        <pc:MetadataItem type="processingStep" name="preprocessing/optimization/cropping" value="ocrd-anybaseocr-crop">
            <pc:Labels>
                <pc:Label value="True" type="force"/>
                <pc:Label value="0.04" type="colSeparator"/>
                <pc:Label value="0.3" type="maxRularArea"/>
                <pc:Label value="0.05" type="minArea"/>
                <pc:Label value="0.01" type="minRularArea"/>
                <pc:Label value="0.75" type="positionBelow"/>
                <pc:Label value="0.4" type="positionLeft"/>
                <pc:Label value="0.6" type="positionRight"/>
                <pc:Label value="10.0" type="rularRatioMax"/>
                <pc:Label value="3.0" type="rularRatioMin"/>
                <pc:Label value="0.95" type="rularWidth"/>
                <pc:Label value="page" type="operation_level"/>
            </pc:Labels>
        </pc:MetadataItem>
        <pc:MetadataItem type="processingStep" name="layout/segmentation/region" value="ocrd-tesserocr-segment-region">
            <pc:Labels externalModel="ocrd-tool" externalId="parameters">
                <pc:Label value="-1" type="dpi"/>
                <pc:Label value="True" type="overwrite_regions"/>
                <pc:Label value="0" type="padding"/>
                <pc:Label value="False" type="crop_polygons"/>
                <pc:Label value="True" type="find_tables"/>
                <pc:Label value="False" type="sparse_text"/>
            </pc:Labels>
        </pc:MetadataItem>
        <pc:MetadataItem type="processingStep" name="layout/segmentation/line" value="ocrd-tesserocr-segment-line">
            <pc:Labels externalModel="ocrd-tool" externalId="parameters">
                <pc:Label value="-1" type="dpi"/>
                <pc:Label value="True" type="overwrite_lines"/>
            </pc:Labels>
        </pc:MetadataItem>
        <pc:MetadataItem type="processingStep" name="layout/segmentation/region" value="ocrd-cis-ocropy-clip">
            <pc:Labels externalModel="ocrd-tool" externalId="parameters">
                <pc:Label value="line" type="level-of-operation"/>
                <pc:Label value="-1" type="dpi"/>
                <pc:Label value="0.7" type="min_fraction"/>
            </pc:Labels>
        </pc:MetadataItem>
        <pc:MetadataItem type="processingStep" name="recognition/text-recognition" value="ocrd-calamari-recognize">
            <pc:Labels externalModel="ocrd-tool" externalId="parameters">
                <pc:Label value="/data/models/calamari/GT4HistOCR/*.ckpt.json" type="checkpoint"/>
                <pc:Label value="confidence_voter_default_ctc" type="voter"/>
                <pc:Label value="line" type="textequiv_level"/>
                <pc:Label value="0.001" type="glyph_conf_cutoff"/>
            </pc:Labels>
        </pc:MetadataItem>
    </pc:Metadata>
    <pc:Page imageFilename="OCR-D-IMG/Alembert_1752_1-044.png" imageWidth="2303" imageHeight="3593" type="content">
        <pc:AlternativeImage filename="OCR-D-IMG-BIN/OCR-D-BIN_Alembert_1752_1-044-BIN_sauvola.png" comments="binarized"/>
        <pc:AlternativeImage filename="OCR-D-IMG-CROP/OCR-D-IMG-CROP_Alembert_1752_1-044.png" comments="binarized,cropped"/>
        <pc:Border>
            <pc:Coords points="258,259 1873,259 1873,3575 258,3575"/>
        </pc:Border>
        <pc:ReadingOrder>
            <pc:OrderedGroup id="reading-order">
                <pc:RegionRefIndexed index="0" regionRef="region_id_0"/><pc:RegionRefIndexed index="1" regionRef="region_id_1"/><pc:RegionRefIndexed index="2" regionRef="region_id_2"/><pc:RegionRefIndexed index="3" regionRef="region_id_3"/><pc:RegionRefIndexed index="4" regionRef="region_id_4"/><pc:RegionRefIndexed index="5" regionRef="region_id_5"/><pc:RegionRefIndexed index="6" regionRef="region_id_6"/><pc:RegionRefIndexed index="7" regionRef="region_id_7"/><pc:RegionRefIndexed index="8" regionRef="region_id_8"/></pc:OrderedGroup>
        </pc:ReadingOrder>
        <pc:TextRegion id="region_id_0" type="header"><pc:Coords points="485,213 485,364 1675,364 1675,213 485,213"/><pc:TextLine id="region_id_0_line0000"><pc:Coords points="485,213 485,364 1675,364 1675,213 485,213"/><pc:TextEquiv conf="0.6838626861572266"><pc:Unicode>TuxoRouE Er Er Prriovr.</pc:Unicode></pc:TextEquiv></pc:TextLine><pc:TextEquiv><pc:Unicode>THEORIQUE ET PRATIQUE.</pc:Unicode></pc:TextEquiv></pc:TextRegion><pc:TextRegion id="region_id_1" type="page-number"><pc:Coords points="1741,222 1741,359 1866,359 1866,222 1741,222"/><pc:TextLine id="region_id_1_line0000"><pc:Coords points="1741,222 1741,359 1866,359 1866,222 1741,222"/><pc:TextEquiv conf="0.9984151124954224"><pc:Unicode>2</pc:Unicode></pc:TextEquiv></pc:TextLine><pc:TextEquiv><pc:Unicode>21</pc:Unicode></pc:TextEquiv></pc:TextRegion><pc:TextRegion id="region_id_2" type="paragraph"><pc:Coords points="255,354 255,924 1890,924 1890,354 255,354"/><pc:TextLine id="region_id_2_line0000"><pc:Coords points="255,354 255,924 1890,924 1890,354 255,354"/><pc:TextEquiv conf="0.9803321957588196"><pc:Unicode>plûtôt leurs octaves, ne font que frémir quand</pc:Unicode></pc:TextEquiv></pc:TextLine><pc:TextLine id="region_id_2_line0001"><pc:Coords points="255,354 255,924 1890,924 1890,354 255,354"/><pc:TextEquiv conf="0.9967008233070374"><pc:Unicode>ut reſonne, &amp; ne reſonnent pas avec lui com-</pc:Unicode></pc:TextEquiv></pc:TextLine><pc:TextLine id="region_id_2_line0002"><pc:Coords points="255,354 255,924 1890,924 1890,354 255,354"/><pc:TextEquiv conf="0.987762987613678"><pc:Unicode>me les octaves de mi &amp; de ſol; il senſuit de</pc:Unicode></pc:TextEquiv></pc:TextLine><pc:TextLine id="region_id_2_line0003"><pc:Coords points="255,354 255,924 1890,924 1890,354 255,354"/><pc:TextEquiv conf="0.9913123250007629"><pc:Unicode>là que le mode ou genre mineur eſt donné</pc:Unicode></pc:TextEquiv></pc:TextLine><pc:TextLine id="region_id_2_line0004"><pc:Coords points="255,354 255,924 1890,924 1890,354 255,354"/><pc:TextEquiv conf="0.99407559633255"><pc:Unicode>par la nature moins immédiatement &amp; moins</pc:Unicode></pc:TextEquiv></pc:TextLine><pc:TextLine id="region_id_2_line0005"><pc:Coords points="255,354 255,924 1890,924 1890,354 255,354"/><pc:TextEquiv conf="0.9960405826568604"><pc:Unicode>directement que le mode majeur.</pc:Unicode></pc:TextEquiv></pc:TextLine><pc:TextEquiv><pc:Unicode>plûtôt leurs octaves, ne font que frémir quand
ut reſonne, &amp; ne reſonnent pas avec lui com-
me les octaves de mi &amp; de ſol ; il s'enſuit de
là que le mode ou genre mineur eſt donné
par la nature moins immédiatement &amp; moins
directement que le mode majeur.</pc:Unicode></pc:TextEquiv></pc:TextRegion><pc:TextRegion id="region_id_3" type="paragraph"><pc:Coords points="259,932 266,1948 1879,1948 1879,934 259,932"/><pc:TextLine id="region_id_3_line0000"><pc:Coords points="259,932 266,1948 1879,1948 1879,934 259,932"/><pc:TextEquiv conf="0.9936695694923401"><pc:Unicode>32. Donc les accords les plus parfaits ſont:</pc:Unicode></pc:TextEquiv></pc:TextLine><pc:TextLine id="region_id_3_line0001"><pc:Coords points="259,932 266,1948 1879,1948 1879,934 259,932"/><pc:TextEquiv conf="0.9877651333808899"><pc:Unicode>1. tout accord, comme ut mi ſol ut, formé</pc:Unicode></pc:TextEquiv></pc:TextLine><pc:TextLine id="region_id_3_line0002"><pc:Coords points="259,932 266,1948 1879,1948 1879,934 259,932"/><pc:TextEquiv conf="0.9950132966041565"><pc:Unicode>d'un ſon, de ſa tierce majeure, de ſa quinte</pc:Unicode></pc:TextEquiv></pc:TextLine><pc:TextLine id="region_id_3_line0003"><pc:Coords points="259,932 266,1948 1879,1948 1879,934 259,932"/><pc:TextEquiv conf="0.9985687136650085"><pc:Unicode>&amp; de ſon octave: 2. tout accord, comme</pc:Unicode></pc:TextEquiv></pc:TextLine><pc:TextLine id="region_id_3_line0004"><pc:Coords points="259,932 266,1948 1879,1948 1879,934 259,932"/><pc:TextEquiv conf="0.9706962704658508"><pc:Unicode>fa la h ut fa, formé d'un ſon, de ſa tierce</pc:Unicode></pc:TextEquiv></pc:TextLine><pc:TextLine id="region_id_3_line0005"><pc:Coords points="259,932 266,1948 1879,1948 1879,934 259,932"/><pc:TextEquiv conf="0.996597409248352"><pc:Unicode>mineure, de ſa quinte &amp; de ſon octave. En</pc:Unicode></pc:TextEquiv></pc:TextLine><pc:TextLine id="region_id_3_line0006"><pc:Coords points="259,932 266,1948 1879,1948 1879,934 259,932"/><pc:TextEquiv conf="0.9836814403533936"><pc:Unicode>effet, ces deux accords ſont donnés par la</pc:Unicode></pc:TextEquiv></pc:TextLine><pc:TextLine id="region_id_3_line0007"><pc:Coords points="259,932 266,1948 1879,1948 1879,934 259,932"/><pc:TextEquiv conf="0.3565760552883148"><pc:Unicode>EX Xe</pc:Unicode></pc:TextEquiv></pc:TextLine><pc:TextLine id="region_id_3_line0008"><pc:Coords points="259,932 266,1948 1879,1948 1879,934 259,932"/><pc:TextEquiv conf="0.9904912710189819"><pc:Unicode>que le ſecond. Le premier eſt appellé accord</pc:Unicode></pc:TextEquiv></pc:TextLine><pc:TextLine id="region_id_3_line0009"><pc:Coords points="259,932 266,1948 1879,1948 1879,934 259,932"/><pc:TextEquiv conf="0.9827015399932861"><pc:Unicode>parfait majeur, &amp; le ſecond, accod parfait</pc:Unicode></pc:TextEquiv></pc:TextLine><pc:TextLine id="region_id_3_line0010"><pc:Coords points="259,932 266,1948 1879,1948 1879,934 259,932"/><pc:TextEquiv conf="0.7057209014892578"><pc:Unicode>ineir.</pc:Unicode></pc:TextEquiv></pc:TextLine><pc:TextEquiv><pc:Unicode>32. Donc les accords les plus parfaits ſont :
1°. tout accord, comme ut mi ſol ut, formé
d'un ſon, de ſa tierce majeure, de ſa quinte
&amp; de ſon octave: 2°. tout accord, comme
fa la ♭ ut fa, formé d'un ſon, de ſa tierce
mineure, de ſa quinte &amp; de ſon octave. En
effet, ces deux accords ſont donnés par la
nature, mais le premier plus immédiatement
que le ſecond. Le premier eſt appellé accord
parfait majeur, &amp; le ſecond, accord parfait
mineur.</pc:Unicode></pc:TextEquiv></pc:TextRegion><pc:SeparatorRegion id="region_id_4"><pc:Coords points="310,2001 310,2094 1818,2094 1818,2001 310,2001"/><pc:TextEquiv><pc:Unicode/></pc:TextEquiv></pc:SeparatorRegion><pc:TextRegion id="region_id_5" type="heading"><pc:Coords points="242,2134 230,2511 1884,2534 1885,2140 242,2134"/><pc:TextLine id="region_id_5_line0000"><pc:Coords points="242,2134 230,2511 1884,2534 1885,2140 242,2134"/><pc:TextEquiv conf="0.9101015329360962"><pc:Unicode>CHAPITRE III.</pc:Unicode></pc:TextEquiv></pc:TextLine><pc:TextLine id="region_id_5_line0001"><pc:Coords points="242,2134 230,2511 1884,2534 1885,2140 242,2134"/><pc:TextEquiv conf="0.9721377491950989"><pc:Unicode>De la ſuite des quintes, &amp; des loix qu elle doie</pc:Unicode></pc:TextEquiv></pc:TextLine><pc:TextLine id="region_id_5_line0002"><pc:Coords points="242,2134 230,2511 1884,2534 1885,2140 242,2134"/><pc:TextEquiv conf="0.9876281023025513"><pc:Unicode>obſerer.</pc:Unicode></pc:TextEquiv></pc:TextLine><pc:TextEquiv><pc:Unicode>CHAPITRE III.
De la ſuite des quintes, &amp; des loix qu'elle doit
obſerer.</pc:Unicode></pc:TextEquiv></pc:TextRegion><pc:TextRegion id="region_id_6" type="paragraph"><pc:Coords points="253,2540 253,3060 1401,3042 1570,3033 1914,3060 1914,2540 253,2540"/><pc:TextLine id="region_id_6_line0000"><pc:Coords points="253,2540 253,3060 1401,3042 1570,3033 1914,3060 1914,2540 253,2540"/><pc:TextEquiv conf="0.5407713055610657"><pc:Unicode>PtrtXt</pc:Unicode></pc:TextEquiv></pc:TextLine><pc:TextLine id="region_id_6_line0001"><pc:Coords points="253,2540 253,3060 1401,3042 1570,3033 1914,3060 1914,2540 253,2540"/><pc:TextEquiv conf="0.9902189373970032"><pc:Unicode>ſol &amp; fait frémir le ſon fa, qui ſont</pc:Unicode></pc:TextEquiv></pc:TextLine><pc:TextLine id="region_id_6_line0002"><pc:Coords points="253,2540 253,3060 1401,3042 1570,3033 1914,3060 1914,2540 253,2540"/><pc:TextEquiv conf="0.989510178565979"><pc:Unicode>ſes deux douziémes, nous pouvons imagi-</pc:Unicode></pc:TextEquiv></pc:TextLine><pc:TextLine id="region_id_6_line0003"><pc:Coords points="253,2540 253,3060 1401,3042 1570,3033 1914,3060 1914,2540 253,2540"/><pc:TextEquiv conf="0.986016571521759"><pc:Unicode>ner un chant compoſé de ce ſon ut &amp; de ſes</pc:Unicode></pc:TextEquiv></pc:TextLine><pc:TextLine id="region_id_6_line0004"><pc:Coords points="253,2540 253,3060 1401,3042 1570,3033 1914,3060 1914,2540 253,2540"/><pc:TextEquiv conf="0.9591470956802368"><pc:Unicode>deux douzièmes, ou ce qui revient au mê-</pc:Unicode></pc:TextEquiv></pc:TextLine><pc:TextEquiv><pc:Unicode>33. uiſque le ſon ut fait entendre le ſon
ſol &amp; fait frémir le ſon fa, qui ſont
ſes deux douziémes, nous pouvons imagi-
ner un chant compoſé de ce ſon ut &amp; de ſes
deux douziémes, ou ce qui revient au mê-</pc:Unicode></pc:TextEquiv></pc:TextRegion><pc:TextRegion id="region_id_7" type="drop-capital"><pc:Coords points="414,2546 414,2767 576,2767 576,2546 414,2546"/><pc:TextLine id="region_id_7_line0000"><pc:Coords points="414,2546 414,2767 576,2767 576,2546 414,2546"/><pc:TextEquiv conf="0.5314898490905762"><pc:Unicode>P</pc:Unicode></pc:TextEquiv></pc:TextLine><pc:TextEquiv><pc:Unicode>P</pc:Unicode></pc:TextEquiv></pc:TextRegion><pc:TextRegion id="region_id_8" type="footer"><pc:Coords points="1413,3045 1411,3150 1584,3145 1607,3045 1413,3045"/><pc:TextLine id="region_id_8_line0000"><pc:Coords points="1413,3045 1411,3150 1584,3145 1607,3045 1413,3045"/><pc:TextEquiv conf="0.8585090637207031"><pc:Unicode>Bij</pc:Unicode></pc:TextEquiv></pc:TextLine><pc:TextEquiv><pc:Unicode>Biij</pc:Unicode></pc:TextEquiv></pc:TextRegion></pc:Page>
</pc:PcGts>