2303 3554
482 190 1587 359 Tuxonrvr Er P Artovr.
1693 213 1847 343 27
245 345 1853 1677 :e:::
245 345 1853 1677 d'un ſon à celui qui en eſt voiſin: on peut
245 345 1853 1677 de même, & par la même raiſon, après
245 345 1853 1677 avoir paſſé du mode d'ut au mode de ſol,
245 345 1853 1677 paſſer du mode de ſol au mode de ré, com-
245 345 1853 1677 me du mode de fa au mode de ſi : mais il
245 345 1853 1677 faut cependant obſerver que l'oreille qui a
245 345 1853 1677 .iXXXXXRX
245 345 1853 1677 preſſe toûjours d'y revenir. Ainſi plus les mo-
245 345 1853 1677 des dans leſquels on paſſe s'éloignent du mo-
245 345 1853 1677 de principal, moins on doit y reſter long-
245 345 1853 1677 tems, ou pour parler en termes de l'art,
245 345 1853 1677 moins les phraſes de ces modes doivent être
245 345 1853 1677 longues.
269 1819 1847 2127 CHAPITREV.
269 1819 1847 2127 Formation de l'ecielle diatonique des Grecs.
247 2155 1894 2832 D4 eeXeXX
247 2155 1894 2832 immédiatement deux ſons voiſins
247 2155 1894 2832 dans la ſuite des quintes fa, ut, ſol, il s'en-
247 2155 1894 2832 ſuit qu on peut former ce chant ou cette
247 2155 1894 2832 baſſe fondamentale par quintes
415 2170 636 2374 D
517 2677 1612 2811 ſol, ut, ſl, ut, fa, ut, fa.
234 2824 1877 3034 45. Chacun des ſons qui forment ce chant,
234 2824 1877 3034 porte néceſſairement avec lui ſa tierce ma-
