2303 3553
497 198 629 314 92
729 181 1913 286 ELEMENSDE Mvs1OvE
497 297 1808 397 reX, ſont égaux (ff) & maieurs.
508 412 2113 884 Ce genre de chant, dans lequel tous les
508 412 2113 884 demi-tons ſont majeurs, s appelle diatonique
508 412 2113 884 enharmonique, parce que deux demi-tons ma-
508 412 2113 884 jeurs de ſuite forment un ton trop grand d'un
508 412 2113 884 quart de ton enharmonique.
652 1039 1946 1352 CHAPITRE XXI.
652 1039 1946 1352 Du genre cromatique enarmonique.
512 1425 2084 1981 S:
512 1425 2084 1981 ce mineure en deſcendant à une ma-
512 1425 2084 1981 jeure en montant, comme ut, ut, la, ut ,
512 1425 2084 1981 ut , on formera ce chant mi , mi, mi,
512 1425 2084 1981 mi, mi , dans lequel tous les demi- tons
512 1425 2084 1981 ſont mineurs ).
685 1404 812 1592 S
508 2055 2083 2999 () Il eſt viſible que ſa de la baſſe étant ſuppoſé 1,
508 2055 2083 2999 ſa de léchelle eſt 2, ut de la baſſe eſt 2, & mi de léchel-
508 2055 2083 2999 le,? de, ceſt-à dire : donc le rapport de fa à mi eſt
508 2055 2083 2999 celui ds 2à , ou de 1 à: or mi de la baſſe étant ?
508 2055 2083 2999 de ,ou , de la baſſe eſt de , & r eſt de
508 2055 2083 2999 i. Donc mi eſt à re comme eſt à 4 de , ceſt à-
508 2055 2083 2999 dire, comme 16 eſt à 15: donc les demi-tons de fa à mi &
508 2055 2083 2999 de mi à re ſont majeurs lun & lautre.
508 2055 2083 2999 gg) Il eſt clair que mi b eſt (Noie d), & que mi
508 2055 2083 2999 eſt ?: donc ces deux mi ſont entr eux comme à , ceſt-
508 2055 2083 2999 à-dire comme 6 fois ꝓ à5 fois 5, ou comme 24 à 25, in-
508 2055 2083 2999 tervalle qui conſtitue le demi-ton mineur. De plus, le la
497 2040 2095 2665 () Il eſt viſible que ſa de la baſſe étant ſuppoſé 1,
497 2040 2095 2665 ſa de léchelle eſt 2, ut de la baſſe eſt 2, & mi de léchel-
497 2040 2095 2665 le, de , ceſt-à · dire : donc le rapport de fa à mi eſt
497 2040 2095 2665 celui ds 2à , ou de 1 à: or mi de la baſſe étant ?
497 2040 2095 2665 de ,ou , de la baſſe eſt de , & r eſt de
497 2040 2095 2665 i. Donc mi eſt à re comme eſt à 4 de , ceſt à-
497 2040 2095 2665 dire, comme 16 eſt à 15: donc les demi-tons de fa à mi &
497 2040 2095 2665 de mi à re ſont majeurs lun & lautre.
480 2682 2112 3009 gg) Il eſt clair que mi b eſt (Noie d), & que mi
480 2682 2112 3009 eſt ?: donc ces deux mi ſont entr eux comme à , ceſt-
480 2682 2112 3009 à-dire comme 6 fois ꝓ à5 fois 5, ou comme 24 à 25, in-
480 2682 2112 3009 tervalle qui conſtitue le demi-ton mineur. De plus, le la
