2303 3572
503 222 1676 382 Tur Er PArIovE Er PAroo.
180 358 1928 1422 ſons peuvent être également aigus ou éga-
180 358 1928 1422 lement graves, quoique d'inégale force.
180 358 1928 1422 ne corde de violon touchée avec un ar-
180 358 1928 1422 chet rend toûjours un ſo égalet
180 358 1928 1422 X a X   ai:
180 358 1928 1422 ment; le ſon ſera ſeulement plus ou moins
180 358 1928 1422 fort. ll en eſt de même de la voix: qu'on
180 358 1928 1422 forme un ſon en enflant la voix peu à peu,
180 358 1928 1422 on sappercevra que le ſon augmentera de
180 358 1928 1422 force, mais qu'il ſera toûjours également
180 358 1928 1422 grave, ou également aigu.
222 1395 1917 2450 6. Nous remarquerons encore dans la gam-
222 1395 1917 2450 X
222 1395 1917 2450 au mi, du fa au ſol, du ſol au la, du la au
222 1395 1917 2450 e, r, s
222 1395 1917 2450 ue les intervalles du mi au fa, & cu ſi à lut,
222 1395 1917 2450 a rX R er
222 1395 1917 2450 qu environ la moitié des premiers. Ce fait
222 1395 1917 2450 eſt connu & avoiié de tout le monde: nous
222 1395 1917 2450 en donnerons la raiſon dans la ſuite, & on
222 1395 1917 2450 e tf c'lement s'en aſſurer par le ſecours de
222 1395 1917 2450 XXXt
259 2462 1929 3131 (a) Cette expérience eſt facile à faire. Que lon chante
259 2462 1929 3131 la ammete mi f ſl la V on remarquera
259 2462 1929 3131 XtXeüXXeXXXu.t
259 2462 1929 3131 toute ſemblable à la demi-gamme ut, re, mi, fa; enſorte
259 2462 1929 3131 que ſi après avoir chanté cette gamme, on vouloit la chan-
259 2462 1929 3131 ter de nouveau en donnant à ut le meme ſon que ſol avoit
259 2462 1929 3131 dans le premier chant, le re du nouveau chant auroit le
259 2462 1929 3131 même ſon que le la du premier, le mi que le ſi, & le fa
259 2462 1929 3131 ue l&T.
1486 3059 1657 3194 Aij
