2303 3513
470 269 1551 358 Tuxoniovr Er PRriov.
1687 291 1785 367 47
236 381 1788 545 Xrti i
238 473 1784 568 exemple VT accordez ·en la quinte SOL
242 563 1790 661 d'abord fort juſte, puis diminuez-la imper-
244 655 1791 752 ceptiblement; accordez enſuite la quinte
246 746 1793 842 juſte de cette quinte ainſi diminuée, puis di-
248 839 1792 997 XcXX.m:
251 930 1797 1024 quinte, & procedez ainſi d'une quinte à l'au-
253 1023 1799 1117 tre en montant; & comme l'oreille nap-
255 1111 1806 1210 prétie pas ſi exactement les ſons trop aigus,
259 1202 1804 1297 il faut, quand vos quintes commenceront à
261 1293 1806 1388 devenir trop aigues, accorder juſte loctave
263 1384 1805 1480 au-deſſous de la derniere quinte que vous
266 1475 1811 1570 venez daccorder, puis vous continuerez
270 1566 1814 1656 toûjours de même; & vous arriverez enfin
272 1656 1816 1754 à une derniere quinte mi , ſi , qui doit
272 1748 1821 1839 ſe trouver d'accord d'elle -même, c'eſt- à-
275 1838 1826 1937 dire, qui doit être telle que ſi X le plus aigu
277 1930 1825 2024 des deux ſons qui la forment, ſoit le ſon mê-
281 2020 1829 2114 me T, par lequel vous avez commencé,
283 2111 1828 2205 ou du moins l'octave parfaitement juſte de
286 2202 1830 2295 ce ſon; il faudra donc eſſayer ſi cet Tou
290 2293 1832 2383 ſon octave fait une quinte juſte avec le der-
292 2319 1836 2477 XXee
297 2472 1840 2569 cela eſt, on peut être aſſuré que le clavecin
298 2564 1841 2637 eſt bien d'accord: mais ſi cette derniere
303 2656 1843 2749 quinte n'eſt pas juſte, en ce cas, ou elle ſe-
302 2746 1846 2843 ra trop forte, & c'eſt une marque que l'on
306 2839 1850 2933 a trop diminué les autres quintes, ou du
307 2931 1852 3029 moins quelques unes; ou la quinte ſera trop
