2303 3572
480 220 1641 335 TuroovEEr PArIovE.
1772 229 1896 345 5
228 326 1860 639 lintervalle du mi au fa, ou du ſi à lut; &
228 326 1860 639 ton lintervalle d'ut à re, celui de re à mi,
228 326 1860 639 de fa à ſol, de ſol à la, de la à ſi.
262 620 1853 830 Le ton s'appelle encore ſeconde majeure,
262 620 1853 830 & le demi-ton, ſeconde mineue.
228 803 1935 1400 8. Deſcendre ou monterdiatoniquement, c' eſt
228 803 1935 1400 deſcendre ou monter d'un ſon à un autre par
228 803 1935 1400 lintervalle d'un ton ou d'un demi-ton, ou
228 803 1935 1400 en général de ſeconde, ſoit majeure ſoit mi-
228 803 1935 1400 neure, comme de re à ut, ou de ut à ré; de
228 803 1935 1400 fa à mi, ou de mi à fa.
259 1522 1880 1944 CHAPITREII.
259 1522 1880 1944 Noms par leſquels on déſigne les diffrens
259 1522 1880 1944 interalles de la gamme.
194 1920 1946 2258 rX
194 1920 1946 2258 mi, comme mi ſol, ou la ut, ou re fa,
194 1920 1946 2258 Sappelle tierce mineure.
372 1932 556 2145 U
253 2246 1869 2520 Un intervalle compoſé de deux tons,
253 2246 1869 2520 comme ut mi, ou fa la, ou ſol ſi, s'appelle
253 2246 1869 2520 tMerce maei/re.
324 2502 1916 2632 r
324 2502 1916 2632 Un intervalle compoſe de deux tons &
199 2668 1910 3049 re, de re à mi, & de fa à ſol, ſont égaux, il senſuit que les
199 2668 1910 3049 intervalles de ſol à la & de la à ſi ſont encore égaux à cha-
199 2668 1910 3049 etritt
199 2668 1910 3049 & que les untervalles de mi à f & eſ uſſi
199 2668 1910 3049 Kgaux, mais ne ſont qus la motié des autres.
1393 3019 1625 3125 Aij
1845 399 2183 672 oyer /a
1845 399 2183 672 figure ma-
1845 399 2183 672 quee As
