2303 3478
497 283 581 349 14
719 250 1815 347 ESDE Mss0vE
489 372 2033 466 deſſus du corps ſonore, l'autre à la dix · ſeptié-
492 463 2037 558 me majeure au-deſſus, ces deux derniers corps
493 553 2043 645 frémiront dans leurtotalite dès qu' on fera reſon-
496 645 2042 736 ner le premier, & de plus ils reſonneront; ce
500 735 2046 829 qui prouve de nouveau combien la douzié-
500 826 2047 918 me & la dix-ſeptiéme majeure au-deſſus d'un
507 918 2044 1009 ſon principal ont d'analogie avec ce ſon.
510 1007 2048 1101 Mais ſi on accorde avec le même corps ſo-
513 1097 2051 1189 nore deux autres corps dont l'un ſoit à la
512 1188 2049 1280 douziéme au-deſſous du corps ſonore, &
513 1279 2047 1371 lautre à ſa dix- ſeptiéme majeure au-deſſous,
516 1369 2053 1462 ces deux derniers corps frémiront dès qu'on
515 1458 2056 1553 fera reſonner le premier, mais ils ne frémi-
517 1551 2056 1641 ront point dans leur totalite; en frémiſſant ils
520 1640 2051 1733 ſe diviſeront par une eſpece d'ondulation,
520 1730 2056 1824 lun en trois, lautre en cinq parties égales;
524 1821 2059 1914 enſorte qu'il y aura pendant le frémiſſement
525 1910 2062 2005 des points qui reſteront en repos. Ainſi ſup-
524 2002 2057 2094 poſons que A ſoit une corde ſonore fixe
524 2092 2058 2185 par ſes deux extrémités A, B, C  (Voyez
526 2182 2062 2275 Ibid.) une autre corde ſonore auſſi fixe par
527 2272 2064 2356 ſes extrémités C, F, & dont le ſon ſoit à la
525 2361 2059 2455 douziéme au- deſſous du ſon que rend la cor-
525 2451 2059 2544 de AB, dès qu'on fera reſonner la corde A
528 2542 2056 2626 toute ſeule, on verra la corde C F frémir
532 2631 2064 2726 ſans reſonner, & prendre en frémiſſant la
536 2720 2069 2817 figure CXDE F, dans laquelle on diſ-
540 2811 2057 2903 tinguera facilement les points immobiles D,
523 2896 2067 3000 E, & les trois ventres A, , G; enſorte
