2303 3554
499 266 590 335 62
731 247 1809 345 EtEEsr Mvs10vE
501 370 2063 532 Xx X
505 463 2062 554 la valeur du la dans les deux échelles, mais
502 554 1865 624 elle eſt bien au-deſſous d'un demi-ton.
598 649 2073 745 90. De-là on voit pourquoi le fa & le ſol
506 733 2061 830 ſont diézes en montant dans le mode mineur;
503 832 2068 928 auſſi le fa n'eſt- il naturel dans la premiere
506 923 2067 1022 échelle ſol , a, ſi, ut, e, mi, fa, que
507 1017 2066 1116 parce que ce fa ne ſcautoit monter au ſol X
513 1112 1840 1205 (Art. 48).
603 1207 2069 1296 91. Il nen n eſt pas de même en deſcen-
510 1294 2068 1388 dant; car la quinte mi du générateur ne doit
508 1320 2070 1483 XXX—
510 1479 2071 1576 cas où cette quinte mi deſcend au générateur
511 1570 2066 1667 la pour former un repos parfait (Art. 77),
514 1665 2071 1756 & en ce cas la tierce majeure ſol monte
510 1755 2068 1854 au génerateur la. Mais la baſſe fondamenta-
511 1847 2073 1943 le la mi, peut donner en deſcendant, léchel-
509 1940 2069 2035 le la ſol naturel, pourvû que ſol ne remonte
510 2032 2071 2128 point au la. De même la baſſe / la, donne
499 2123 1266 2212 fa mi en deſcendant.
499 2218 2071 2312 92. On voit par-là pourquoi le ſol & le fa
513 2310 2072 2400 peuvent être naturels & non dièzes en deſ-
514 2394 1560 2472 cendant dans le mode mineur.
606 2493 2073 2588 93. Au reſte, dans léchelle diatonique du
511 2586 2073 2680 mode mineur en deſcendant la, ſol, fa, mi,
513 2678 2075 2776 re, ut, ſi, la, on peut regarder ſol comme
512 2770 2075 2868 une note de ſſutée ſm l ment pour
513 2799 2075 2961 XXtcrXXX.XX
513 2956 2073 3057 niquement au fa naturel: on le voit aiſe-
