2303 3560
517 246 1620 338 Tnxoniqun nr PRArevE.
1723 256 1857 350 59
571 563 1573 648 CHAPITRE X.
388 697 1743 825 De lechelle diatonique du mode mineur.
288 896 1844 1072 Neckx :
632 992 1844 1086 trois ſons fa, ut, ſol, donnent l'e:
286 1079 1839 1181 chelle ſi, ut, re, mi, fa, ſol, la, du mode majeur,
281 1173 1836 1279 par le moyen de la baſſe fondamentale ſol,
270 1265 1837 1382 ut, ſol, ut, fa, ut, fa: prenons de meme les
279 1358 1838 1465 trois ſons re, la, me, qui conſtituent le mo-
278 1449 1840 1538 de de la, & formons-en cette baſſe fonda-
284 1544 1842 1642 mentale toute ſemblable à la précédente; mi,
282 1634 1844 1721 la, mi, la, re, la, r: mettons enſuite au deſſus
278 1725 1845 1807 de chacun de ees ſons un de leurs ſons harmo-
281 1820 1843 1922 niques, comme nous avons fait (Cap. V.)
275 1911 1844 2015 pour la premiere éehelle du mode majeur,
280 2006 1849 2105 avee cette différence que nous ferons porter
282 2034 1847 2176 rX X X Xr
280 2185 1849 2285 fondamentale pour caractériſer le mode mi-
282 2283 1848 2383 neur; & nous aurons léchelle diatonique du
282 2371 1162 2465 mode mineur,
306 2518 1599 2620 ſol X, ua, i, mi, fa.
285 2666 1838 2762 Le ſo& qui repond au mi de la baſſe fonda-
285 2759 1834 2862 mentale fait avec ce mi une tierce majeure,
287 2852 1836 2953 quoique le mode ſoit mineur, par la raiſon
288 2943 1837 3048 que la tierce de la quinte du ſon fondamen-
430 896 601 1072 N
