2303 3540
532 312 1608 407 IIEoRIovE ET PArI0vE.
1751 330 1852 429 7
286 397 1846 519 tetracordes disjoints & parfaitement ſembla-
293 494 1843 622 bles, ut, e, mi, fa, & ſol, la, i, ut, lun
291 583 1844 717 dans le mode d'ut, l'autre dans celui de ſol.
295 683 1844 810 Au reſte, nous verrons dans la ſuite par
290 773 1842 897 uel artifice on peut fare que léchelle ut,
297 823 1848 975 e zr-
296 922 1851 1061 üέiiüüiüiiXRrlüi5
296 1044 1851 1170 faut pour cela faire quelques changemens à
294 1136 1851 1251 la baſſe fondamentale que nous venons de
294 1228 1850 1354 donner: c'eſt ce qui ſera expliqué plus au
293 1323 474 1413 long.
434 1425 1847 1534 9. Lintroduction du mode de ſol dans la
294 1444 1843 1631 »XtXXXt
278 1599 1845 1700 ſol, la, ſi, peuvent ſe ſuccéder immédiate-
292 1694 1844 1807 ment dans léchelle, ce qui ne ſcauroit avoir
289 1783 1841 1902 lieu (Art. 48.) dans léchelle des Grecs,
341 1881 1845 1982 arce qu elle eſt formée du ſeul mode d'ut.
289 1899 1829 2076 ß fft fz cu cul noie ir
279 2063 1842 2166 1. Qu'on change de mode toutes les fois
284 2152 1819 2246 qu'on entonne trois tons de ſuite.
386 2248 1841 2344 2. Que ſi on entonne ces trois tons de
283 2333 1836 2453 ſuite dans la gamme ut, é, mi, fa, ſol, la,
278 2425 1835 2537 ſi, T, ce ne peut être qu'à la faveur d'un
282 2527 1835 2634 repos exprimé ou ſous-entendu après le ſon
278 2606 1843 2734 fa; enſorte que les trois tons fa, ſol, la, ſi,
280 2699 1834 2804 ſont cenſes apparteir à deux tétracordes
279 2788 596 2864 différens.
390 2063 1842 2166 1. Qu'on change de mode toutes les fois
286 2152 1819 2246 qu'on entonne trois tons de ſuite.
386 2248 1841 2344 2. Que ſi on entonne ces trois tons de
283 2333 1836 2453 ſuite dans la gamme ut, é, mi, fa, ſol, la,
278 2425 1835 2537 ſi, T, ce ne peut être qu'à la faveur d'un
282 2527 1835 2634 repos exprimé ou ſous-entendu après le ſon
278 2606 1843 2731 fa; enſorte que les trois tons fa, ſol, la, ſi
280 2699 1834 2804 ſont cenſes apparteir à deux tétracordes
279 2788 596 2864 différens.
376 2886 1833 2995 60. On ne doit donc plus être étonné de
278 2972 1833 3091 leſpece de difficulté qu'on éprouve à enton
1467 3091 1612 3189 Cüj
