2303 3587
512 257 1630 334 TEontovE Er PRArIovE.
1767 257 1866 347 19
309 361 1859 452 27. Par la même raiſon le chant formé
272 452 1857 547 'ut, de loctave de ſol & de la double oc-
280 549 1860 643 tave de mi, entonnées l'une après l'autre,
280 641 1857 738 ſeroit auſſi le chant le plus ſimple & le plus
280 734 1862 823 naturel de tous, ſi notre voix avoit aſſez
280 827 1862 925 d'étenduë pour former ſans peine d'auſſi
283 923 1863 1019 grands intervalles: mais la liberté & la fa-
284 1015 1866 1109 cilité que nous avons de ſubſtituer à un ſon
287 1109 1868 1203 ſon octave, lorſque cela eſt plus commode
290 1201 1871 1297 à notre voix, nous fournit un moyen de re-
293 1296 1559 1394 préſenter ce chant.
388 1390 1874 1484 Ceſt pour cela qu'après avoir entonné le
294 1484 1878 1564 ſon ut, nous entonnons naturellemen la
300 1576 1881 1670 tierce mi & la quinte ſol, au lieu de la dou-
297 1668 1882 1761 ble octave de mi, & de loctave de ſol;
300 1761 1885 1857 d'où nous formons, en y joignant l'octave
304 1789 1887 1951 XR:uX
305 1949 1890 2043 en effet le plus ſimple & le plus facile de
318 2042 1895 2134 tous; auſſi a-t-il ſon origine dans la reſon-
315 2133 1400 2219 nance même du corps ſonore.
320 2221 1891 2324 28. Ce chant ut, mi, ſol, ut, dans lequel
318 2319 1898 2411 la tierce ut mi eſt majeure, conſtitue ce qu-
319 2480 1898 2548 mens d'une maniere propre à donner à cet accord tout ſon
321 2501 1898 2613 XtX5XXX:
323 2614 1895 2683 dans lActe de Pygmalion, page 34. où Pygmalion chante
323 2681 1899 2746 avec le Chœur, l' Amour triompe, &c. Dans cet endroit
326 2745 1904 2811 du Chœur, les deux parties de baſſe vocale & inſtrumen-
330 2811 1907 2881 tale rendent le ſon principal & ſon octave; le premier deſ-
322 2877 1905 2948 ſus & la partie de liaute - contre rendent la dix- ſeptiéme
330 2944 1915 3067 5KttkXt
332 3011 1407 3083 nfin, le ſecond aeſſus rend la douzieme.
1508 3074 1638 3172 Bij
