2303 3527
463 141 1613 329 AERTIEMENr.
1706 159 1894 323 iæ
194 323 1882 904 ec XX
194 323 1882 904 erver pour une ſeconde lecture, quand
194 323 1882 904 on ſe ſera bien inſtruit des regles eſſen-
194 323 1882 904 tielles & fondamentales expliquées dans
194 323 1882 904 le texte.
258 898 1918 2593 Ce ſecond Livre ne ſuppoſe non plus
258 898 1918 2593 àla rigueur, aucune habitude de chant,
258 898 1918 2593 ni même aucune connoiſſance de Mu-
258 898 1918 2593 ſique; il demande ſeulement qu' on ſca-
258 898 1918 2593 che, non lintonnation, mais ſimple-
258 898 1918 2593 ment la poſition des notes dans la clef
258 898 1918 2593 i t: —
258 898 1918 2593 ei: —
258 898 1918 2593 pourra-t-on acquérir cette connoiſſan-
258 898 1918 2593 ce dans mon Ouvrage même; car jex-
258 898 1918 2593 plique au commencement du ſecond
258 898 1918 2593 Livre, la poſition des clefs & des no-
258 898 1918 2593 tes. Il n'eſt queſtion que de ſe la ren-
258 898 1918 2593 dre un peu familiere, & on n'aura plus
258 898 1918 2593 de difficulté.
293 2575 1941 2962 On ne doit pas s'attendre à trouver
293 2575 1941 2962 ici toutes les regles de la compoſition,
293 2575 1941 2962 ſur- tout celles qui concernent la Muſi-
