2303 3549
509 255 1601 360 Turontovr Er PAriovr.
1752 272 1846 371 5r
499 545 1639 678 CHAPITREVIII.
538 746 1449 857 Des epos otu radences.
275 925 1834 1102 De : :
644 1025 1834 1125 marche par quintes, il y a toû-
272 1106 1835 1217 jours, ou il peut y avoir toûjours repos d'un
273 1200 1831 1306 ſon à l'autre: mais le repos eſt plus ou moins
272 1297 1831 1399 marqué, & par conſequent plus ou moins
271 1386 1831 1491 parfait. Si on monte de quinte, ſi on va,
268 1474 1832 1586 par exemple dut à ſol, c'eſt le généra-
271 1571 1847 1675 teur qui paſſe à l'une de ſes quintes, &
269 1668 1831 1771 cette quinte préexiſtoit déjà dans le gené-
268 1760 1838 1861 rateur: mais le générateur n exiſte plus dans
269 1852 1847 1957 cette quinte; & loreille, pour qui ce géné-
269 1940 1842 2039 rateur eſt le principe de toute lharmonie &
267 2031 1830 2130 de toute la mélodie, deſire dy revenir. Ainſi
268 2122 1836 2221 le paſſage d'un ſon à ſa quinte en montant,
268 2217 1841 2318 eſt appellé repos imparfait ou cadence impar-
267 2308 1842 2409 faite: mais le paſſage d'un ſon à ſa quinte
270 2400 1835 2501 en deſcendant, comme de ſol à utz eſt appellé
272 2492 1837 2590 cadence parfaite ou epos abſolu; ceſt le pro-
271 2585 1839 2683 duit qui retourne au générateur, & qui ſe
273 2614 1836 2775 XXXXX:
274 2771 1837 2871 quel il reſonne (Ciap. I).
427 923 617 1102 D
368 2854 1835 2959 74. Parmi les repos abſolus, il y en a,
273 2954 1836 3052 pour ainſi dire, de plus abſolus, c eſt-dire
1462 3049 1602 3145 Di
