2303 3606
465 229 1622 346 Tuxonrour Er PnArtovE.
1683 212 1834 347 3
190 364 1841 2234 48. De plus, cette échelle diatonique ne
190 364 1841 2234 renferme que ſept ſons, & ne va pas juſ-
190 364 1841 2234 qu'au ſi en haut, qui ſeroit loctave du pre-
190 364 1841 2234 mier: nouvelle ſingularité dont on peut ren-
190 364 1841 2234 dre raiſon par les principes établis ci- deſſus.
190 364 1841 2234 En effet, pour que le ſon ſi ſuccédât immé-
190 364 1841 2234 diatement dans léchelle au ſon la, il fau-
190 364 1841 2234 droit que le ſon ſol, qui eſt le ſeul d'où ſi
190 364 1841 2234 puiſſe être tiré, ſuccédât immédiatement
190 364 1841 2234 dans la baſſe fondamentale au ſon fa, qui
190 364 1841 2234 eſt le ſeul d'ou la puiſſe être tiré. Or la ſuc-
190 364 1841 2234 ceſſion diatonique de fa à ſol ne peut avoir
190 364 1841 2234 lieu dans la baſſe fondamentale, ſuivant ce
190 364 1841 2234 qu'on a démontré dans le Chapitre III. Art.
190 364 1841 2234 36. Done les ſons la & ſi ne ſcauroient ſe
190 364 1841 2234 ſuccéder immédiatement dans l'échelle: nous
190 364 1841 2234 verrons dans la ſuite pourquoi cela n eſt pas
190 364 1841 2234 ainſi dans la gamme ut, ré, mi, fa, ſol, la,
190 364 1841 2234 ſi, T, qui commence par ut; au lieu que
190 364 1841 2234 léchelle dont il s'agit ici commence par ſi.
200 2222 1879 2890 49. Auſſi les Grees, pour former loctave
200 2222 1879 2890 entiere, ajoùtoient au-deſſous du premier ſi,
200 2222 1879 2890 le ſon la, qu'ils diſtinguoient & ſéparoient
200 2222 1879 2890 du reſte de léchelle, & qu'ils appelloient
200 2222 1879 2890 par cette raiſon proſlambanomene, c'eſt à-
200 2222 1879 2890 dire corde ou ſon ſur-ajolté au-devant de lé-
200 2222 1879 2890 chelle.
161 2879 1829 3121 5o. Léchelle diatonique ſi, ut, e, mi,
161 2879 1829 3121 fa, ſol, la, eſt compoſée de deux tétracor-
