2303 3556
501 272 596 342 0
707 246 1806 325 EtEMENSDE MsI0E
503 355 2066 459 occupée de la baſſe fondamentale & de s' ac-
503 453 2067 545 corder avec elle, tolere ſans peine ces altéra-
501 545 2057 639 t ltôt n'y fait aucune attention
499 574 2061 736 caXiXX3—
496 726 2068 823 manque aux intervalles pour être juſtes.
588 801 2058 918 Deux expériences ſimples & journalieres
494 913 2056 1008 fortifient ce que nous avancons. Ecoutez
495 1003 2057 1101 une voix qui chante accompagnée de diffé-
493 1097 2058 1192 rens inſtrumens; quoique le tempérament
494 1187 2057 1273 de la voix, & celui de chacun de ces inſtru-
491 1280 2058 1374 mens different tous entr eux, cependant vous
490 1372 2060 1467 ne ſerez nullement affecté de leſpece de ca-
490 1465 2051 1561 cophonie qui devroit en réſulter, parce que
488 1557 2053 1654 l'oreille ſuppoſe juſtes des intervalles dont
487 1650 1677 1746 elle n'apprétie point la différence.
549 1742 2051 1837 Autre expérience. Enfoncez les trois tou-
487 1833 2052 1930 ches de lorgue, mi, ſol, ſi, vous n'enten-
484 1926 2049 2022 drez que laccord parfait mineur, quoique
481 2018 2042 2111 mi, par la conſtruction de cet inſtrument,
478 2108 2044 2203 faſſe toûjours reſonner ſol X; qu· ſol fafſe
480 2201 2041 2316 reſonner re; & ſi, fa ; de ſorte que lo-
479 2292 2040 2478 t:E
479 2386 2043 2475 , mi, fa X, ſol, ſol X,ſi: que de
475 2383 2042 2572 Eiius *
474 2568 2039 2664 en réſulteroit - il pour l'oreille, ſi l'accord par-
475 2595 2040 2758 XXuXrRtir
474 2747 1008 2828 à len diſtraire ?
