2303 3509
492 235 633 331 20
727 214 1854 316 E MvsIOE
507 329 2084 611 ue e eu
507 329 2084 611 s enſuit que le mode majeur eſt louvrage
507 329 2084 611 immédiat de la nature.
476 595 2090 2260 29. Le frémiſſement de la douziéme & de
476 595 2090 2260 la dix-ſeptiéme majeure au-deſſous du ſon
476 595 2090 2260 cipal frémiſſement qu'on a établi dans
476 595 2090 2260 eXXX5XrXXr5
476 595 2090 2260 autre découverte. La tierce mineure au-deſ-
476 595 2090 2260 ſous d'ut étant la, il s'enſuit que la tierce
476 595 2090 2260 majeure au-deſſous d'ut ſera la ; car la tier-
476 595 2090 2260 ce majeure, par les définitions données dans
476 595 2090 2260 lIntroduction, eſt un intervalle plus grand
476 595 2090 2260 d'un demi-ton que la tierce mineure: or lin-
476 595 2090 2260 tervalle de ut à la eſt une tierce mineure,
476 595 2090 2260 donc l'intervalle de ut à la, ſera une tierce
476 595 2090 2260 majeure. Doù il s'enſuit que la dix- ſeptiéme
476 595 2090 2260 rXiXX
476 595 2090 2260 ve de la en deſcendant. De même la quin-
476 595 2090 2260 te au-deſſous d'ut étant fa, la douziéme au-
476 595 2090 2260 deſſous dut ſera loctave de fa en deſcen-
476 595 2090 2260 ant.
489 2230 2120 2896 30. De-là, & de cette facilité naturelle
489 2230 2120 2896 que nous avons de confondre les ſons avec
489 2230 2120 2896 leurs octaves, nous pouvons former ce chant
489 2230 2120 2896 indiqué par la nature fa, lah, ut, dans le-
489 2230 2120 2896 Xt XXX
489 2230 2120 2896 on fa, eſt mineure; & voila lorigine du gen-
489 2230 2120 2896 re ou mode appellé mineur.
566 2841 2070 3001 31. Mais comme les ſons fa, lah, ou
