2303 3516
431 212 612 375 j
642 206 1898 352 AVERTISEMEVT.
460 364 2085 1761 ſique de la reſonnance des corps ſono-
460 364 2085 1761 res, encore moins du principe méta-
460 364 2085 1761 h ſue d ſentiment de lharmonie ;
460 364 2085 1761 XmXX5rrm
460 364 2085 1761 connus, & ſelon toutes les apparences
460 364 2085 1761 le ſeront toûjours à peu près autant
460 364 2085 1761 qu'ils létoient du tems de Pythagore.
460 364 2085 1761 Il s'agit uniquement de faire voir com-
460 364 2085 1761 ment on peut déduire d'un ſeul prin-
460 364 2085 1761 cipe d'expérience les loix de lharmo-
460 364 2085 1761 nie, que les Artiſtes n'ont trouvées,
460 364 2085 1761 pour ainſi dire, qu à tâtons.
483 1697 2091 2369 Dans le deſſein de rendre cet Ou-
483 1697 2091 2369 vrage d'une utilité preſque générale,
483 1697 2091 2369 jai tâché de le mettre à la portée des
483 1697 2091 2369 perſonnes même qui n'ont aucune tein-
483 1697 2091 2369 ture de Muſique: voici le plan que jai
483 1697 2091 2369 ſuivi pour cela.
454 2381 2079 2960 Je commence par une courte intro-
454 2381 2079 2960 duction, où je définis les termes les
454 2381 2079 2960 plus uſités dans cet Art ,accord, hiar-
454 2381 2079 2960 monie, ton, tierce, quinte, octave,
454 2381 2079 2960 &e.
