<pc:PcGts xmlns:pc="http://schema.primaresearch.org/PAGE/gts/pagecontent/2019-07-15" xmlns:xsi="http://www.w3.org/2001/XMLSchema-instance" xsi:schemaLocation="http://schema.primaresearch.org/PAGE/gts/pagecontent/2019-07-15 http://schema.primaresearch.org/PAGE/gts/pagecontent/2019-07-15/pagecontent.xsd">
    <pc:Metadata>
        <pc:Creator>OCR-D/core 2.4.4</pc:Creator>
        <pc:Created>2021-01-15T15:13:18</pc:Created>
        <pc:LastChange>2021-01-15T15:13:18</pc:LastChange>
        <pc:MetadataItem type="processingStep" name="preprocessing/optimization/binarization" value="ocrd-olena-binarize">
            <pc:Labels>
                <pc:Label value="sauvola" type="impl"/>
                <pc:Label value="0.34" type="k"/>
                <pc:Label value="101" type="win-size"/>
            </pc:Labels>
        </pc:MetadataItem>
        <pc:MetadataItem type="processingStep" name="preprocessing/optimization/cropping" value="ocrd-anybaseocr-crop">
            <pc:Labels>
                <pc:Label value="True" type="force"/>
                <pc:Label value="0.04" type="colSeparator"/>
                <pc:Label value="0.3" type="maxRularArea"/>
                <pc:Label value="0.05" type="minArea"/>
                <pc:Label value="0.01" type="minRularArea"/>
                <pc:Label value="0.75" type="positionBelow"/>
                <pc:Label value="0.4" type="positionLeft"/>
                <pc:Label value="0.6" type="positionRight"/>
                <pc:Label value="10.0" type="rularRatioMax"/>
                <pc:Label value="3.0" type="rularRatioMin"/>
                <pc:Label value="0.95" type="rularWidth"/>
                <pc:Label value="page" type="operation_level"/>
            </pc:Labels>
        </pc:MetadataItem>
        <pc:MetadataItem type="processingStep" name="layout/segmentation/region" value="ocrd-tesserocr-segment-region">
            <pc:Labels externalModel="ocrd-tool" externalId="parameters">
                <pc:Label value="-1" type="dpi"/>
                <pc:Label value="True" type="overwrite_regions"/>
                <pc:Label value="0" type="padding"/>
                <pc:Label value="False" type="crop_polygons"/>
                <pc:Label value="True" type="find_tables"/>
                <pc:Label value="False" type="sparse_text"/>
            </pc:Labels>
        </pc:MetadataItem>
        <pc:MetadataItem type="processingStep" name="layout/segmentation/line" value="ocrd-tesserocr-segment-line">
            <pc:Labels externalModel="ocrd-tool" externalId="parameters">
                <pc:Label value="-1" type="dpi"/>
                <pc:Label value="True" type="overwrite_lines"/>
            </pc:Labels>
        </pc:MetadataItem>
        <pc:MetadataItem type="processingStep" name="layout/segmentation/region" value="ocrd-cis-ocropy-clip">
            <pc:Labels externalModel="ocrd-tool" externalId="parameters">
                <pc:Label value="line" type="level-of-operation"/>
                <pc:Label value="-1" type="dpi"/>
                <pc:Label value="0.7" type="min_fraction"/>
            </pc:Labels>
        </pc:MetadataItem>
        <pc:MetadataItem type="processingStep" name="recognition/text-recognition" value="ocrd-calamari-recognize">
            <pc:Labels externalModel="ocrd-tool" externalId="parameters">
                <pc:Label value="/data/models/calamari/GT4HistOCR/*.ckpt.json" type="checkpoint"/>
                <pc:Label value="confidence_voter_default_ctc" type="voter"/>
                <pc:Label value="line" type="textequiv_level"/>
                <pc:Label value="0.001" type="glyph_conf_cutoff"/>
            </pc:Labels>
        </pc:MetadataItem>
    </pc:Metadata>
    <pc:Page imageFilename="OCR-D-IMG/Alembert_1752_1-041.png" imageWidth="2303" imageHeight="3497" type="content">
        <pc:AlternativeImage filename="OCR-D-IMG-BIN/OCR-D-BIN_Alembert_1752_1-041-BIN_sauvola.png" comments="binarized"/>
        <pc:AlternativeImage filename="OCR-D-IMG-CROP/OCR-D-IMG-CROP_Alembert_1752_1-041.png" comments="binarized,cropped"/>
        <pc:Border>
            <pc:Coords points="479,270 2033,270 2033,3013 479,3013"/>
        </pc:Border>
        <pc:ReadingOrder>
            <pc:OrderedGroup id="reading-order">
                <pc:RegionRefIndexed index="0" regionRef="region_id_0"/><pc:RegionRefIndexed index="1" regionRef="region_id_1"/><pc:RegionRefIndexed index="2" regionRef="region_id_2"/><pc:RegionRefIndexed index="3" regionRef="region_id_3"/><pc:RegionRefIndexed index="4" regionRef="region_id_4"/><pc:RegionRefIndexed index="5" regionRef="region_id_5"/><pc:RegionRefIndexed index="6" regionRef="region_id_6"/><pc:RegionRefIndexed index="7" regionRef="region_id_7"/><pc:RegionRefIndexed index="8" regionRef="region_id_8"/><pc:RegionRefIndexed index="9" regionRef="region_id_9"/><pc:RegionRefIndexed index="10" regionRef="region_id_10"/></pc:OrderedGroup>
        </pc:ReadingOrder>
        <pc:TextRegion id="region_id_0" type="page-number"><pc:Coords points="487,267 487,358 584,358 584,267 487,267"/><pc:TextLine id="region_id_0_line0000"><pc:Coords points="487,267 487,358 584,358 584,267 487,267"/><pc:TextEquiv conf="0.9728953242301941"><pc:Unicode>18</pc:Unicode></pc:TextEquiv></pc:TextLine><pc:TextEquiv><pc:Unicode>18</pc:Unicode></pc:TextEquiv></pc:TextRegion><pc:TextRegion id="region_id_1" type="header"><pc:Coords points="706,246 706,353 1823,353 1823,246 706,246"/><pc:TextLine id="region_id_1_line0000"><pc:Coords points="706,246 706,353 1823,353 1823,246 706,246"/><pc:TextEquiv conf="0.8008884191513062"><pc:Unicode>ELEMENS DE MvsIO vE</pc:Unicode></pc:TextEquiv></pc:TextLine><pc:TextEquiv><pc:Unicode>ELEMENS DE MUSIQUE</pc:Unicode></pc:TextEquiv></pc:TextRegion><pc:TextRegion id="region_id_2" type="paragraph"><pc:Coords points="459,379 459,661 2057,661 2057,379 459,379"/><pc:TextLine id="region_id_2_line0000"><pc:Coords points="459,379 459,661 2057,661 2057,379 459,379"/><pc:TextEquiv conf="0.9943727850914001"><pc:Unicode>prenons naturellement l'octave en bas ou en</pc:Unicode></pc:TextEquiv></pc:TextLine><pc:TextLine id="region_id_2_line0001"><pc:Coords points="459,379 459,661 2057,661 2057,379 459,379"/><pc:TextEquiv conf="0.9957269430160522"><pc:Unicode>haut, &amp; ſouvent en prenant cette octave,</pc:Unicode></pc:TextEquiv></pc:TextLine><pc:TextLine id="region_id_2_line0002"><pc:Coords points="459,379 459,661 2057,661 2057,379 459,379"/><pc:TextEquiv conf="0.9785792827606201"><pc:Unicode>nous croyons prendre l'uniſſon (e).</pc:Unicode></pc:TextEquiv></pc:TextLine><pc:TextEquiv><pc:Unicode>prenons naturellement l'octave en bas ou en
haut, &amp; ſouvent en prenant cette octave,
nous croyons prendre l'uniſſon (e).</pc:Unicode></pc:TextEquiv></pc:TextRegion><pc:SeparatorRegion id="region_id_3"><pc:Coords points="509,701 509,788 2027,788 2027,701 509,701"/><pc:TextEquiv><pc:Unicode/></pc:TextEquiv></pc:SeparatorRegion><pc:TextRegion id="region_id_4" type="heading"><pc:Coords points="445,813 445,1186 2048,1186 2048,813 445,813"/><pc:TextLine id="region_id_4_line0000"><pc:Coords points="445,813 445,1186 2048,1186 2048,813 445,813"/><pc:TextEquiv conf="0.9108953475952148"><pc:Unicode>CHAPITRE II.</pc:Unicode></pc:TextEquiv></pc:TextLine><pc:TextLine id="region_id_4_line0001"><pc:Coords points="445,813 445,1186 2048,1186 2048,813 445,813"/><pc:TextEquiv conf="0.9593698382377625"><pc:Unicode>Origine des deux modes; du ctant le plus</pc:Unicode></pc:TextEquiv></pc:TextLine><pc:TextLine id="region_id_4_line0002"><pc:Coords points="445,813 445,1186 2048,1186 2048,813 445,813"/><pc:TextEquiv conf="0.9526157379150391"><pc:Unicode>naturel, &amp; de la plus pafaite armonie.</pc:Unicode></pc:TextEquiv></pc:TextLine><pc:TextEquiv><pc:Unicode>CHAPITRE II.
Origine des deux modes ; du chant le plus
naturel, &amp; de la plus parfaite harmonie.</pc:Unicode></pc:TextEquiv></pc:TextRegion><pc:TextRegion id="region_id_5" type="paragraph"><pc:Coords points="448,1222 444,1898 527,1880 2054,1866 2054,1222 448,1222"/><pc:TextLine id="region_id_5_line0000"><pc:Coords points="448,1222 444,1898 527,1880 2054,1866 2054,1222 448,1222"/><pc:TextEquiv conf="0.4012414515018463"><pc:Unicode>P : :</pc:Unicode></pc:TextEquiv></pc:TextLine><pc:TextLine id="region_id_5_line0001"><pc:Coords points="448,1222 444,1898 527,1880 2054,1866 2054,1222 448,1222"/><pc:TextEquiv conf="0.9846395254135132"><pc:Unicode>appellerons ut le ſon rendu par le</pc:Unicode></pc:TextEquiv></pc:TextLine><pc:TextLine id="region_id_5_line0002"><pc:Coords points="448,1222 444,1898 527,1880 2054,1866 2054,1222 448,1222"/><pc:TextEquiv conf="0.6326498985290527"><pc:Unicode>e</pc:Unicode></pc:TextEquiv></pc:TextLine><pc:TextLine id="region_id_5_line0003"><pc:Coords points="448,1222 444,1898 527,1880 2054,1866 2054,1222 448,1222"/><pc:TextEquiv conf="0.9846968054771423"><pc:Unicode>re expérience, que ce ſon eſt toùjours ac-</pc:Unicode></pc:TextEquiv></pc:TextLine><pc:TextLine id="region_id_5_line0004"><pc:Coords points="448,1222 444,1898 527,1880 2054,1866 2054,1222 448,1222"/><pc:TextEquiv conf="0.9791618585586548"><pc:Unicode>compagné de ſa douziéme &amp; de ſa dix-ſep-</pc:Unicode></pc:TextEquiv></pc:TextLine><pc:TextLine id="region_id_5_line0005"><pc:Coords points="448,1222 444,1898 527,1880 2054,1866 2054,1222 448,1222"/><pc:TextEquiv conf="0.9838009476661682"><pc:Unicode>tiéme majeures, c'eſt-à- dire de l'octave de</pc:Unicode></pc:TextEquiv></pc:TextLine><pc:TextLine id="region_id_5_line0006"><pc:Coords points="448,1222 444,1898 527,1880 2054,1866 2054,1222 448,1222"/><pc:TextEquiv conf="0.9819877743721008"><pc:Unicode>ſol &amp; de la douhle octave de mi.</pc:Unicode></pc:TextEquiv></pc:TextLine><pc:TextEquiv><pc:Unicode>25. POur fixer davantage les idées, nous
appellerons ut le ſon rendu par le
corps ſonore : il eſt évident, par la premie=
re expérience, que ce ſon eſt toùjours ac-
compagné de ſa douziéme &amp; de ſa dix-ſep-
tiéme majeures, c'eſt-à-dire de l'octave de
ſol &amp; de la double octave de mi.</pc:Unicode></pc:TextEquiv></pc:TextRegion><pc:TextRegion id="region_id_6" type="drop-capital"><pc:Coords points="619,1231 619,1424 790,1424 790,1231 619,1231"/><pc:TextLine id="region_id_6_line0000"><pc:Coords points="619,1231 619,1424 790,1424 790,1231 619,1231"/><pc:TextEquiv conf="0.8906695246696472"><pc:Unicode>P</pc:Unicode></pc:TextEquiv></pc:TextLine><pc:TextEquiv><pc:Unicode>P</pc:Unicode></pc:TextEquiv></pc:TextRegion><pc:TextRegion id="region_id_7" type="paragraph"><pc:Coords points="619,1878 421,1945 416,2247 2050,2247 2050,1875 619,1878"/><pc:TextLine id="region_id_7_line0000"><pc:Coords points="619,1878 421,1945 416,2247 2050,2247 2050,1875 619,1878"/><pc:TextEquiv conf="0.9948501586914062"><pc:Unicode>26. Donc cette octave de ſol &amp; cette dou-</pc:Unicode></pc:TextEquiv></pc:TextLine><pc:TextLine id="region_id_7_line0001"><pc:Coords points="619,1878 421,1945 416,2247 2050,2247 2050,1875 619,1878"/><pc:TextEquiv conf="0.9917427897453308"><pc:Unicode>ble octave de mi fourniſſent l'accord le plus</pc:Unicode></pc:TextEquiv></pc:TextLine><pc:TextLine id="region_id_7_line0002"><pc:Coords points="619,1878 421,1945 416,2247 2050,2247 2050,1875 619,1878"/><pc:TextEquiv conf="0.9860937595367432"><pc:Unicode>parfait qu'on puiſſe joindre à ut, puiſque cet</pc:Unicode></pc:TextEquiv></pc:TextLine><pc:TextLine id="region_id_7_line0003"><pc:Coords points="619,1878 421,1945 416,2247 2050,2247 2050,1875 619,1878"/><pc:TextEquiv conf="0.9874011874198914"><pc:Unicode>accord eſt louvrage de la nature (f).</pc:Unicode></pc:TextEquiv></pc:TextLine><pc:TextEquiv><pc:Unicode>26. Donc cette octave de ſol &amp; cette dou-
ble octave de mi fourniſſent l'accord le plus
parfait qu'on puiſſe joindre à ut, puiſque cet
accord eſt l'ouvrage de la nature (f).</pc:Unicode></pc:TextEquiv></pc:TextRegion><pc:TextRegion id="region_id_8" type="footnote"><pc:Coords points="388,2257 388,3089 2104,3089 2104,2257 388,2257"/><pc:TextLine id="region_id_8_line0000"><pc:Coords points="388,2257 388,3089 2104,3089 2104,2257 388,2257"/><pc:TextEquiv conf="0.992425799369812"><pc:Unicode>(e) Donc on neſt point cenſé changer la valeur d'un ſon</pc:Unicode></pc:TextEquiv></pc:TextLine><pc:TextLine id="region_id_8_line0001"><pc:Coords points="388,2257 388,3089 2104,3089 2104,2257 388,2257"/><pc:TextEquiv conf="0.9643684029579163"><pc:Unicode>en multipliant ou en diviſant par 2, par 4, ou par 8, cc.</pc:Unicode></pc:TextEquiv></pc:TextLine><pc:TextLine id="region_id_8_line0002"><pc:Coords points="388,2257 388,3089 2104,3089 2104,2257 388,2257"/><pc:TextEquiv conf="0.9833428263664246"><pc:Unicode>le nombre qui exprime ce ſon, puiſque par ces opérations,</pc:Unicode></pc:TextEquiv></pc:TextLine><pc:TextLine id="region_id_8_line0003"><pc:Coords points="388,2257 388,3089 2104,3089 2104,2257 388,2257"/><pc:TextEquiv conf="0.9938361048698425"><pc:Unicode>on ne fait que prendre loctave ſimple, double, ou triple,</pc:Unicode></pc:TextEquiv></pc:TextLine><pc:TextLine id="region_id_8_line0004"><pc:Coords points="388,2257 388,3089 2104,3089 2104,2257 388,2257"/><pc:TextEquiv conf="0.9611968398094177"><pc:Unicode>cc. iu ſon dont il sagit, &amp; qu'un ſon ſe confond avec ſon</pc:Unicode></pc:TextEquiv></pc:TextLine><pc:TextLine id="region_id_8_line0005"><pc:Coords points="388,2257 388,3089 2104,3089 2104,2257 388,2257"/><pc:TextEquiv conf="0.9759960770606995"><pc:Unicode>octave.</pc:Unicode></pc:TextEquiv></pc:TextLine><pc:TextLine id="region_id_8_line0006"><pc:Coords points="388,2257 388,3089 2104,3089 2104,2257 388,2257"/><pc:TextEquiv conf="0.9739643931388855"><pc:Unicode>(f) L'accord formé de la douziéme &amp; de la dix- ſeptié-</pc:Unicode></pc:TextEquiv></pc:TextLine><pc:TextLine id="region_id_8_line0007"><pc:Coords points="388,2257 388,3089 2104,3089 2104,2257 388,2257"/><pc:TextEquiv conf="0.9916988611221313"><pc:Unicode>me majeures unies au ſon principal étant exactement con-</pc:Unicode></pc:TextEquiv></pc:TextLine><pc:TextLine id="region_id_8_line0008"><pc:Coords points="388,2257 388,3089 2104,3089 2104,2257 388,2257"/><pc:TextEquiv conf="0.9962159395217896"><pc:Unicode>forme à celui que donne la nature, eſt auſſi par cette rai-</pc:Unicode></pc:TextEquiv></pc:TextLine><pc:TextLine id="region_id_8_line0009"><pc:Coords points="388,2257 388,3089 2104,3089 2104,2257 388,2257"/><pc:TextEquiv conf="0.9926548600196838"><pc:Unicode>ſon le plus agréable de tous, ſur-tout lorſque le Compo-</pc:Unicode></pc:TextEquiv></pc:TextLine><pc:TextLine id="region_id_8_line0010"><pc:Coords points="388,2257 388,3089 2104,3089 2104,2257 388,2257"/><pc:TextEquiv conf="0.9896778464317322"><pc:Unicode>ſiteur peut proportionner enſemble les voix &amp; les inſtru</pc:Unicode></pc:TextEquiv></pc:TextLine><pc:TextEquiv><pc:Unicode>(e) Donc on neſt point cenſé changer la valeur d'un ſon
en multipliant ou en diviſant par 2, par 4, ou par 8, cc.
le nombre qui exprime ce ſon, puiſque par ces opérations,
on ne fait que prendre loctave ſimple, double, ou triple,
cc. iu ſon dont il sagit, &amp; qu'un ſon ſe confond avec ſon
octave.
(f) L'accord formé de la douziéme &amp; de la dix- ſeptié-
me majeures unies au ſon principal étant exactement con-
forme à celui que donne la nature, eſt auſſi par cette rai-
ſon le plus agréable de tous, ſur-tout lorſque le Compo-
ſiteur peut proportionner enſemble les voix &amp; les inſtru</pc:Unicode></pc:TextEquiv></pc:TextRegion><pc:TextRegion id="region_id_9" type="paragraph"><pc:Coords points="459,2290 459,2670 2038,2670 2038,2290 459,2290"/><pc:TextLine id="region_id_9_line0000"><pc:Coords points="459,2290 459,2670 2038,2670 2038,2290 459,2290"/><pc:TextEquiv conf="0.992425799369812"><pc:Unicode>(e) Donc on neſt point cenſé changer la valeur d'un ſon</pc:Unicode></pc:TextEquiv></pc:TextLine><pc:TextLine id="region_id_9_line0001"><pc:Coords points="459,2290 459,2670 2038,2670 2038,2290 459,2290"/><pc:TextEquiv conf="0.9643684029579163"><pc:Unicode>en multipliant ou en diviſant par 2, par 4, ou par 8, cc.</pc:Unicode></pc:TextEquiv></pc:TextLine><pc:TextLine id="region_id_9_line0002"><pc:Coords points="459,2290 459,2670 2038,2670 2038,2290 459,2290"/><pc:TextEquiv conf="0.9833428263664246"><pc:Unicode>le nombre qui exprime ce ſon, puiſque par ces opérations,</pc:Unicode></pc:TextEquiv></pc:TextLine><pc:TextLine id="region_id_9_line0003"><pc:Coords points="459,2290 459,2670 2038,2670 2038,2290 459,2290"/><pc:TextEquiv conf="0.9938361048698425"><pc:Unicode>on ne fait que prendre loctave ſimple, double, ou triple,</pc:Unicode></pc:TextEquiv></pc:TextLine><pc:TextLine id="region_id_9_line0004"><pc:Coords points="459,2290 459,2670 2038,2670 2038,2290 459,2290"/><pc:TextEquiv conf="0.9541658163070679"><pc:Unicode>ce. iu ſon dont il sagit, &amp; qu'un ſon ſe confond avec ſon</pc:Unicode></pc:TextEquiv></pc:TextLine><pc:TextLine id="region_id_9_line0005"><pc:Coords points="459,2290 459,2670 2038,2670 2038,2290 459,2290"/><pc:TextEquiv conf="0.9363991022109985"><pc:Unicode>Octave.</pc:Unicode></pc:TextEquiv></pc:TextLine><pc:TextEquiv><pc:Unicode>(e) Donc on n'eſt point cenſé changer la valeur d'un ſon
en multipliant ou en diviſant par 2, par 4, ou par 8, &amp;c.
le nombre qui exprime ce ſon, puiſque par ces opérations,
on ne fait que prendre l'octave ſimple, double, ou triple,
&amp;c. du ſon dont il s'agit, &amp; qu'un ſon ſe confond avec ſon
octave.</pc:Unicode></pc:TextEquiv></pc:TextRegion><pc:TextRegion id="region_id_10" type="paragraph"><pc:Coords points="450,2672 450,3033 2038,3033 2038,2672 450,2672"/><pc:TextLine id="region_id_10_line0000"><pc:Coords points="450,2672 450,3033 2038,3033 2038,2672 450,2672"/><pc:TextEquiv conf="0.9739643931388855"><pc:Unicode>(f) L'accord formé de la douziéme &amp; de la dix- ſeptié-</pc:Unicode></pc:TextEquiv></pc:TextLine><pc:TextLine id="region_id_10_line0001"><pc:Coords points="450,2672 450,3033 2038,3033 2038,2672 450,2672"/><pc:TextEquiv conf="0.9916988611221313"><pc:Unicode>me majeures unies au ſon principal étant exactement con-</pc:Unicode></pc:TextEquiv></pc:TextLine><pc:TextLine id="region_id_10_line0002"><pc:Coords points="450,2672 450,3033 2038,3033 2038,2672 450,2672"/><pc:TextEquiv conf="0.9962159395217896"><pc:Unicode>forme à celui que donne la nature, eſt auſſi par cette rai-</pc:Unicode></pc:TextEquiv></pc:TextLine><pc:TextLine id="region_id_10_line0003"><pc:Coords points="450,2672 450,3033 2038,3033 2038,2672 450,2672"/><pc:TextEquiv conf="0.9926548600196838"><pc:Unicode>ſon le plus agréable de tous, ſur-tout lorſque le Compo-</pc:Unicode></pc:TextEquiv></pc:TextLine><pc:TextLine id="region_id_10_line0004"><pc:Coords points="450,2672 450,3033 2038,3033 2038,2672 450,2672"/><pc:TextEquiv conf="0.9896778464317322"><pc:Unicode>ſiteur peut proportionner enſemble les voix &amp; les inſtru</pc:Unicode></pc:TextEquiv></pc:TextLine><pc:TextEquiv><pc:Unicode>(f) L'accord formé de la douziéme &amp; de la dix-ſeptié-
me majeures unies au ſon principal étant exactement con-
forme à celui que donne la nature, eſt auſſi par cette rai-
ſon le plus agréable de tous, ſur-tout lorſque le Compo-
ſiteur peut proportionner enſemble les voix &amp; les inſtru-</pc:Unicode></pc:TextEquiv></pc:TextRegion></pc:Page>
</pc:PcGts>