2303 3551
493 257 585 327 30
725 224 1818 318 EIEMES DE MSs10vE
496 341 2067 433 les ſons re & fa forment entr'eux une tierce
497 434 2065 529 mineure qui n'eſt pas parfaitement juſte com-
498 526 2062 623 me l'eſt celle de mi à ſol (m). Cependant
501 618 2066 692 cette altération dans la tierce mineure de re
503 709 2065 808 à fa ne fait aucune peine à l'oreille, parce
499 798 2070 901 que ce re & ce fa, qui ne forment pas en-
506 898 2073 990 tr'eux une tierce mineure juſte, forment cha-
504 989 2072 1078 cun en particulier des conſonances parfaite-
505 1016 2075 1168 XXiXX
505 1172 2076 1267 mentale qui leur répondent; car re de l'é-
509 1265 2080 1363 chelle eſt la quinte juſte du ſol qui lui répond
508 1355 2081 1453 dans la baſſe fondamentale, & fa de lé-
510 1449 2080 1548 chelle eſt l'octave juſte du fa qui lui répond
512 1542 1338 1613 dans cette même baſſe.
519 1635 2087 1730 47. Donc, pourvù que les ſons de lé-
518 1661 2085 1823 XX XXX
519 1819 2085 1915 juſtes avec les ſons qui leur répondent dans
524 1909 2091 2014 la baſſe fondamentale, l'oreille ſe met peu
522 2001 2090 2100 en peine de l'altération qu'il peut y avoir
522 2094 2090 2188 dans les intervalles que ces ſons de léchelle
525 2187 2093 2286 forment entr'eux. Nouvelle preuve que la
526 2275 2092 2377 baſſe fondamentale eſt le vrai guide de l'o-
528 2366 2095 2468 reille & la véritable origine du chant dia-
529 2463 817 2552 tonique.
599 2590 2103 2671 (m) Pour comparer le re au fa, il ny a quà comparer
533 2654 2100 2738 à; le rapport de ces fractions ſera (Note d) celui de
534 2736 2101 2819 9 fois z à 8 fois 4, ceſt- à- dire de 27 à 32: donc la tierce
537 2806 2094 2888 mineure de re à fa neſt pas juſte, puiſque le rapport de 27
537 2867 2103 2956 à 32neſt pas le même que celui de 5 à 6, (ote g) ce
540 2931 1741 3020 deux rapports Etant entr eux comme d1 à do.
