2303 3528
451 255 545 323 Bs
656 243 1769 339 E1EMENS DE MSs10E
459 365 2010 460 que les ſons ut & re ne peuvent ſe ſuccéder
458 457 2009 548 diatoniquement dans la baſſe fondamentale;
460 547 2014 644 car dans l'endroit cité, nous ſuppoſions que
461 639 2016 734 ut & re portaſſent l'un & lautre laccord par-
461 728 2011 827 fait majeur, au lieu que dans le cas préſent,
465 822 2013 919 ré porte la tierce mineure fa, & de plus le
466 909 2015 1008 ſon ut, par lequel l'accord re, fa, la, ut eſt
465 997 2011 1099 lié avec celui qui le précede, ut, mi, ſol, ut,
466 1091 2016 1185 & dans lequel ut ſe trouve. D'ailleurs cet ac-
466 1183 2014 1282 cord ré, fa, la, ut, n'eſt proprement que
466 1275 2018 1375 l'accord fa, la, ut, ré renverſe, &, pour
465 1365 1124 1461 ainſi dire, déguiſé.
572 1460 2016 1556 105. Cette maniere de préſenter l'accord
470 1543 2020 1629 de la ſous-dominante ſous deux formes diffé-
469 1642 2017 1738 rentes, & de l'employer ſous ces deux dif-
469 1730 2018 1830 férentes formes, a été nommée par M. Ra-
471 1824 2016 1918 meau, double emploi; c'eſt la ſource d'une
470 1911 2018 2004 des plus belles variétés de lharmonie; &
474 2007 2014 2104 nous verrons dans le Chapitre ſuivant, les
470 2101 1408 2180 avantages qui en réſultent.
492 2178 2016 2286 Au reſte, le double emploi étant une eſ-
473 2277 2017 2380 pece de licence, ne doit être employé qu'a-
475 2370 2017 2465 vec une ſorte de précaution: nous venons de
474 2461 2015 2558 voir que l'accord ré, fa, la, ut, conſidéré
472 2555 2021 2652 comme renverſé de fa, la, ut, /, peut ſuc-
473 2639 2019 2745 céder à ut, mi, ſol, ut, mais cela n eſt pas
472 2733 2011 2832 réciproque; & quoiqe l'accord fa, la, ut,
471 2823 2016 2922 re puiſſe être ſuivi de ut, mi, ſol, ut, on
469 2913 2018 3018 neſt pas en droit den conclure que laccord
