2303 3468
488 247 531 317 8
714 226 1780 306 EEMENS DE MvsI0E
487 336 1750 419 tave de mi, &c. & ainſi des autres.
590 422 2008 518 14. Comme il y a neuf ſons depuis le pre
486 511 2007 609 mier ut juſqu'au ſecond RE, lintervalle de
488 605 2010 698 ces deux ſons s appelle neuieme, & cette neu-
484 690 2008 786 viéme eſt compoſée de ſix tons & deux de-
487 779 2008 867 mi-tons Par la même raiſon lintervalle de
490 869 2012 967 ut à FA s'appelle onzieme, l'intervalle de ut
489 966 1303 1045 à SOL, douzieme, &c,
582 1039 2009 1144 I eſt viſible que la neuvieme eſt loctave
486 1138 2013 1236 de la ſeconde; que la onzieme eſt loctave de
484 1227 2011 1330 la quarte; que la douzieme eſt l'octave de la
491 1327 2006 1402 quinte, &c.
491 1385 2014 1499 edave de loctave d'un ſon sappelle la
484 1497 2012 1586 double octave; l'octave de la double octave
493 1587 1893 1673 ſe nomme triple octave, & ainſi de ſuite.
585 1668 2017 1767 La double octave ſe nomme auſſi quinzie-
497 1766 2013 1861 me, & par la même raiſon la double octave
495 1855 2014 1946 de la tierce eſt nommée dix-ſeptieme; la dou-
496 1946 2015 2039 ble octave de la quinte, dixrneuvieme, &c.
559 2186 2017 2257 (b) Suppoſons deux cordes ſonores de mème matiere,
494 2247 2015 2321 de meme groſſeur & également tendues, mais inegales
492 2315 1616 2382 en longueur, on trouvera par expérience,
503 2376 2017 2444 18. Que ſi la plus petite eſt exactement la moitié de la
489 2440 2017 2513 plus grande, le ſon qu'elle rendra ſera à loctave au- deſſus
492 2506 1540 2580 lu ſon que rendra la plus grande.
561 2565 2015 2635 2. Que ſi la plus petite eſt le tiers de la plus grande,
493 2630 2015 2696 elle rendra la doiziéme au· deſſus du ſon de la plus grande.
502 2693 2020 2762 z. Que ſi elle en eſt le einquiéme, elle rendra la dix
485 2760 989 2827 ſeptiéme au- deſſus.
486 2817 2014 2891 De plus, ceſt une vérité démontrée & généralement
487 2880 2018 2963 adiſe , que plus une corde eſt petite, plus elle fait de vi-
559 2186 2017 2267 (b) Suppoſons deux cordes ſonores de mème matiere,
494 2250 2015 2321 de meme groſſeur & egalement tendues, mais negales
492 2319 1616 2375 en longueur, On trouvera par experience,
565 2375 2017 2446 18. Que ſi la plus petite eſt exactement la moitié de la
489 2439 2017 2517 plus grande, le ſon qu elle rendra ſera à loctave au- deſſus
492 2502 1969 2565 tlu ſon que rendra la plus grande.
496 2567 2015 2635 2. Que ſi la plus petite eſt le tiers de la plus grande,
493 2630 2015 2689 elle rendra la doiziéme au- deſſus du ſon de la plus grande.
496 2687 2020 2767 3. Que ſi elle en eſt le cinquiéme, elle rendra la dix
485 2762 1849 2821 ſeptiéme au-deſſus.
486 2814 2014 2896 De plus, ceſt une vérité démontrée & généralement
487 2880 2018 2963 adniie , que plus une corde eſt petite, plus elle fait de vi-
