2303 3445
497 296 534 340 2
703 244 1788 330 EEMENS DE MsIQE
494 340 2005 461 ſons qui ſe font entendre à-la · fois; & l'ar-
496 430 2007 548 monie eſt proprement une ſuite d accords qui
499 534 1641 622 en ſe ſuccédant flattent lorgane.
596 614 2009 729 3. Dans la mélodie & dans lharmonie, on
502 699 2011 800 nomme intervalle la différence qu il y a d un
503 799 1697 891 ſon à un autre plus ou moins aigu.
597 882 2012 993 4. Pour apprendre à connoitre les interval-
507 978 2014 1083 les, & la maniere de les diſtinguer, prenons
508 1052 2013 1179 la gamme ordinaire ut, /é, m, fa, ſol, la,
494 1159 2019 1272 ſi, lT, que toute perſonne entonne natu-
511 1234 2020 1349 rellement, pourvù qu elle n ait m l oreille mi
510 1330 2021 1425 la voix exceſſivement fauſſe. Voici ce que
509 1427 2023 1528 nous remarquerons en chantant cette gamme.
602 1501 2024 1614 Le ſon re eſt plus haut ou plus aigu que
511 1590 2025 1699 le ſon ut, le ſon mi plus que le ſon re, le
513 1678 2027 1801 ſon fa plus que le ſon mi, &c. & ainſi de
513 1767 2027 1881 ſuite; de ſorte que l'interalle, ou la diffe-
512 1859 2026 1960 rence du ſon ut au ſon re, eſt moindre que
512 1948 2028 2051 l'intervalle ou la différence du ſon ut au ſon
514 2041 2030 2153 mi, l'intervalle de ut à mi, moindre que ce-
517 2125 2031 2239 lui de ut à fa, &c. & qu'enfin lintervalle
516 2212 2032 2336 du premier ut au ſecond VTeſt le plus grand
515 2305 2028 2414 de tous. C'eſt pour diſtinguer ces deux ut,
519 2397 2033 2517 que j'ai déſigné le ſecond par des lettres ma-
519 2514 921 2598 juſcules.
620 2569 2030 2692 5. En général lintervalle de deux ſons eſt
516 2661 2032 2777 d'autant plus grand, que lun de ces ſons
522 2754 2031 2869 eſt plus aigu ou plus grave par rapport à
516 2777 2031 2943 XEieX t X
