2303 3593
469 247 1559 338 Turoiovrer PAriov.
1756 260 1851 338 73
275 361 1674 437 tierces mineures ſuivies d'une majeure.
275 361 1674 441 tierces mineures ſuivies d'une majeure.
285 450 1848 553 114. Il y a encore deux eſpeces d'accords
272 547 1847 647 de ſeptiéme qu' on employe dans l'harmonie;
273 643 1851 738 l'un eſt compoſé d'une tierce mineure entre
273 732 1849 829 deux majeures, ut mi ſol ſi, ou fa la ut mi;
274 827 1852 921 l'autre eſt tout compoſé de tjerces mineu-
276 917 1854 1021 res ſol ſi re fa. Ces deux accords, qui
275 1009 1853 1111 d'abord ne paroiſſent point devoir entrer dans
271 1104 1854 1199 lharmonie, ſi on s'en tient aux regles précé-
273 1196 1853 1289 dentes, ſont néanmoins ſouvent pratiqués
270 1289 1852 1371 avee ſuccès dans la haſſe fondamentale. En
271 1390 1612 1466 voici la raiſon.
377 1471 1853 1575 115. Suivant ce qui a été dit ci- deſſus, ſi
273 1567 1856 1667 on veut ajoûter une ſeptiéme à l'accord ut
270 1664 1854 1762 mi ſol, pour faire de ut une dominante, on
270 1758 1857 1855 ne peut y ajoûter que ſih, & en ce cas ut
268 1849 1853 1948 mi ſol ſi , ſeroit l'accord de dominante to-
267 1937 1851 2040 nique dans le mode de fa, comme ſol ſi re fa
270 2032 1852 2110 eſt accord de dominante tonique dans le mo-
269 2060 1854 2214 H  : XN
264 2216 1849 2301 ſion du mode d'ut dans l'harmonie, alors on
261 2306 1850 2414 change ce ſi en ſi naturel, & l'accord ut
261 2399 1846 2506 mi ſol ſi devient ut mi ſol ſi. Il en eſt de
269 2492 1847 2591 même de l'accord fa la ut mi, qui n'eſt au-
270 2584 1849 2687 tre choſe que laccord fa la ut mih, dans le-
270 2678 1846 2783 quel on ſubſtitue au mi , le mi naturel pour
272 2769 1842 2875 conſerver l'impreſſion du mode d'ut, ou du
270 2873 690 2963 mode de fa.
371 2954 1854 3049 116. A légard de laccord de ſeptiéme ſol
