2303 3544
466 240 1566 331 Tutontou Er PrIovE.
1702 257 1811 343 79
236 358 1799 453 vant ut mi ſol ut; parce qu'il eſt plus naturel
239 449 1802 548 que le ſol ſe trouve dans la même partie qui
244 541 1796 636 a déjà dit ſol, pendant que l'autre diſoit fa,
247 636 1804 731 comme onle voit ici ( premiere & quatrié-
246 731 696 819 me parties).
276 1555 1815 1643 127. Par la même raiſon, dans l'accord
248 1646 1817 1742 re fa la ut, ſuivi de ſol ſi re fa, la diſſonance
248 1740 1818 1836 ut doit deſcendre à ſi plûtôt que de monter
248 1838 390 1904 à rr.
350 1924 1814 2019 128. Enfin, on prouvera par les mêmes
250 2016 1810 2108 raiſons, que dans l'accord de ſous- dominan-
252 2106 1810 2200 te fa la ut re, la diſſonance ré doit monter au
253 2199 1813 2290 mi de l'accord ſuivant ut mi ſol ut, plutôt
251 2290 1813 2385 que de deſcendre à ut; d'où ſuivent ces re-
253 2387 418 2473 gles.
360 2475 1817 2566 129. 1. Dans tout accord de dominante,
256 2566 1812 2660 ſoit tonique, ſoit ſimple, la note qui fait la
258 2659 1814 2752 ſeptiéme, c'eſt-à- dire la diſſonance, doit
261 2751 1815 2845 deſcendre diatoniquement ſur une des notes
263 2842 1767 2939 qui font conſonance dans l'accord ſuivant.
263 2933 1819 3025 2. Dans tout accord de ſous-dominante,
254 2460 1817 2566 129. 1. Dans tout accord de dominante,
256 2566 1812 2660 ſoit tonique, ſoit ſimple, la note qui fait la
258 2659 1814 2752 ſeptiéme, c'eſt-à- dire la diſſonance, doit
261 2751 1815 2845 deſcendre diatoniquement ſur une des notes
263 2842 1767 2923 qui font conſonance dans l'accord ſuivant.
362 2934 1819 3025 2. Dans tout accord de ſous-dominante,
