2303 3533
500 169 1711 356 AVERTISEMENr
1755 202 1942 345 xj
269 334 1958 565 mens de Génie que je prétends don-
269 334 1958 565 ner.
291 549 1964 1489 Tel eſt Pobjet pour lequel jai com-
291 549 1964 1489 oſé, & tel eſt leſprit dans lequel il
291 549 1964 1489 XiXiXX
291 549 1964 1489 fois, le fonds ne m appartient en au-
291 549 1964 1489 cune maniere. Mon unique but a été
291 549 1964 1489 de me rendre utile; je n'ai rien oublié
291 549 1964 1489 pour y parvenir, & je ſouhaite y
291 549 1964 1489 avoir reuſſi.
