2303 3546
507 250 600 335 4
737 245 1828 332 ELEMENS E MvsI vE
507 357 2061 454 que moyen diſtinguer le générateur de ſes
504 456 777 534 quintes.
500 525 2057 638 95. On parviendra à cet avantage en joi-
499 636 2058 730 gnant enſemble les ſons ſol & fa dans une
501 729 2055 823 même harmonie, c'eſt-à- dire en joignant à
498 820 2055 915 łharmonie ſol, ſi, ré de la quinte ſol, lautre
500 910 2059 1014 quinte fa en cette maniere, ſol, ſi, r, fa; ce
498 1002 2057 1098 fa ajoûté étant la ſeptiéme de ſol, fait diſſo-
503 1097 2052 1189 nance avee ſol (Art. 18.): c'eſt pour cette
503 1187 2058 1282 raiſon que laccord ſol, ſi, e, fa, eſt appel-
501 1279 2056 1374 lé accod diſſonant, ou accord de ſeptieme. Il
501 1371 2057 1466 ſert à diſtinguer la quinte ſol du générateur
503 1464 2058 1558 ut, qui porte toûjours ſans mélange, & ſans
506 1556 2061 1649 altération, l'accord parfait ut, mi, ſol, ut
502 1646 2059 1810 te e
526 1739 2058 1839 à on voit que quand on paſſe d'ut à ſol, on
503 1830 2069 1927 paſſe en même tems d'ut à fa, parce que fa
503 1922 2060 2017 ſe trouve compris dans l'accord de ſol, & le
502 2016 2057 2109 mode d'ut ſe trouve par ce moyen entiere-
499 2109 2061 2201 ment déterminé, parce qu'il n'y a que ce
500 2198 2063 2293 mode auquel les ſons fa & ſol appartiennent
506 2292 820 2363 à-la- fois.
601 2382 2062 2478 96. Voyons maintenant ce que nous ajoû-
508 2475 2060 2570 terons à lharmonie fa, la, ut de la quinte
498 2567 2065 2663 fa au- deſſous du générateur, pour diſtinguer
515 2657 2062 2753 cette harmonie de celle du générateur. Il
513 2751 2067 2844 ſemble d abord que l'on doive y ajoûter lau-
515 2777 2067 2939 X5XruXX
516 2934 2073 3019 paſſant à fa, paſſe en même ·tems à ſol, &
1932 3047 2066 3116 que
