2303 3494
507 214 601 283 16
736 206 1856 303 E1EMENSDE MsIoE
653 352 1916 425 ToIsIEME EXPERIENCE.
525 497 2054 590 24. Il n'y a perſonne qui ne s'appercoive
521 588 2059 675 de la reſſemblance qu'il y a entre un ſon &
526 747 2059 834 : de ſorte que ſera à dans le meme rapport que
527 831 2066 917 à ceſt-à- dire dans le même rapport que 10 à 12, ou
528 913 2062 985 que 5 à 6. Donc, ſi deux ſons forment entr'eux une tierce
532 979 2067 1045 mineure, & que le premier ſoit repréſenté par5, le ſe-
531 1042 2069 1107 cond le ſera par 6; ou, ce qui eſt la même choſe, ſi le
534 1106 1935 1188 premier eſt repréſenté par 1, le ſecond le ſera par .
603 1184 2069 1253 Ainſi la tierce mineure armonique qui ſe trouve dans la
537 1250 2071 1316 reſonnance meme du corps ſonore entre les ſons mi & ſol
534 1314 2073 1435 nonigues du ſon principal, peut etre exprimée par la
583 1381 802 1463 action .
601 1459 2076 1531 M. B. On voit par cet exemple, que pour comparer en-
539 1525 2074 1594 tr'eux deux ſons qui ſont exprimés par des fractions, il
534 1592 2076 1658 faut d abord multiplier le haut de la fraction qui exprime
538 1656 2079 1723 le premier, par le bas de la fraction qui exprime le ſecond,
539 1722 2072 1785 ce qui donnera un premier nombre, comme ici le haut 5
541 1739 2078 1864 ricXernXct—
541 1864 2080 1932 lonné 10. Enſuite on multipliera le haut de la ſeconde
542 1930 2081 1996 fraction par le bas de la premiere, ce qui donnera un ſe-
542 1996 2082 2061 ond nombre, comme ici 12 qui eſt le produit de 4 par 33
546 2059 2082 2124 & le rapport de ces deux nombres (qui dans l'exemple
546 2122 2084 2189 précédent ſont 10 & 12) exprimera le rapport de ces ſons,
550 2188 2085 2253 ou, ce qui revient au même, l'intervalle qu'il y a de l'un
551 2248 2089 2317 à lautre; de maniere que plus le rapport de ces ſons dif-
554 2313 1744 2379 férera de l'unité, plus l'intervalle ſera grand.
548 2378 2088 2444 Voilà comment on compare entr eux deux ſons dont on
553 2442 2087 2509 conoit la valeur numérique. Voici maintenant comment
554 2506 2091 2621 u:ie
553 2571 2091 2639 le rapport qu'il doit avoir avec un autre ſon dont lexpreſ-
554 2634 1253 2698 ſion numérique eſt donnée
624 2699 2090 2765 Par exemple, ſuppoſons que lon cherche la tierce ma-
560 2761 2090 2839 jeure de la quinte , cette tierce majeure doit être, par
561 2842 2095 2925 ce qui a été dit ci-deſſus, les de la quinte; car la tierce
526 747 2059 831 ; de ſorte que ſera à dans le meme 1apport que
527 831 2066 917 à ceſt-à- dire dans le même rapport que 10 à 12, ou
528 911 2062 989 que 5 à 6. Donc, ſi deux ſons forment entr' eux une tierce
532 979 2067 1045 mineure, & que le premier ſoit repréſenté par5, le ſe-
531 1042 2069 1122 cond le ſera par 6; ou, ce qui eſt la même choſe, ſi le
534 1107 1935 1180 premier eſt repreiente par 1, le ſecond le ſera par .
603 1184 2069 1253 Ainſi la tierce mineure armonique qui ſe trouve dans la
537 1250 2071 1316 reſonnance meme du corps ſonore entre les ſons mi & ſol
534 1314 2073 1435 nonigues du ſon principal, peut etre exprimée par la
583 1381 802 1463 action .
601 1460 2076 1531 N. B. On voit par cet exemple, que pour comparer en-
539 1525 2074 1594 tr'eux deux ſons qui ſont exprimés par des fractions, il
534 1592 2076 1658 faut d abord multiplier le haut de la fraction qui exprime
538 1656 2079 1723 le premier, par le bas de la fraction qui exprime le ſecond,
539 1722 2072 1785 ce qui donnera un premier nombre, comme ici le haut 5
541 1739 2078 1864 ricXernXct—
541 1864 2080 1932 lonné 10. Enſuite on multipliera le haut de la ſeconde
542 1930 2081 1996 fraction par le bas de la premiere, ce qui donnera un ſe-
542 1996 2082 2061 ond nombre, comme ici 12 qui eſt le produit de 4 par 33
546 2059 2082 2124 & le rapport de ces deux nombres (qui dans l'exemple
546 2122 2084 2189 précédent ſont 10 & 12) exprimera le rapport de ces ſons,
550 2188 2085 2253 ou, ce qui revient au même, l'intervalle qu'il y a de l'un
551 2248 2089 2317 à lautre; de maniere que plus le rapport de ces ſons dif-
554 2313 1744 2379 férera de l'unité, plus l'intervalle ſera grand.
548 2378 2088 2444 Voilà comment on compare entr eux deux ſons dont on
553 2442 2087 2509 conoit la valeur numérique. Voici maintenant comment
554 2506 2091 2577 on trouve lexpreſſion numérique d'un ſon, quand on ſcait
553 2524 2091 2639 tXXtuiXXXX
554 2634 1253 2693 ſion numérique eſt donnée
624 2699 2090 2765 Par exemple, ſuppoſons que lon cherche la tierce ma-
560 2761 2090 2839 jeure de la quinte , cette tierce majeure doit être, par
561 2842 2095 2925 ce qui a été dit ci-deſſus, les de la quinte; car la tierce
1977 2931 2098 3001 ſon
