2303 3556
506 232 1606 367 Tutontovr Er PAriov.
1745 279 1840 360 8t
266 360 1834 478 qui ne produiroit rien, puiſqu' au lieu de cet-
267 456 1824 582 te ſiite d'accords, ut mi ſol ut, re fa la ut,
263 551 1829 677 ut mi ſol ut, il ſeroit beaucoup plus ſimple
265 640 1829 767 de ſubſtituer celle- ei que fournit la progreſ-
265 733 1830 850 fion naturelle; ut mi ſol ut, fa la ut re, utmi
246 828 1829 952 ſol ut. Luſage du double emploi eſt de pou-
261 925 1827 1037 Voir, au moyen du renverſement de l'accord
246 1010 1825 1143 de ſous- dominante, paſſer de cet aecord ainſi
253 1108 1822 1220 renverſe, à un autre accord que laccord de
255 1204 1800 1305 tomque, auquel il conduit naturellement.
439 1487 1628 1620 CHAPITRE XVII.
390 1677 1684 1798 De la cadence rompuë ou interompué.
247 1855 1819 2026 De:
340 1950 1816 2045 quintes, il y a toûjours, comme
245 2039 1818 2138 on la déjâ obſervé (Cap. VIl.), un re-
242 2132 1812 2231 pos plus ou moins parfait d'un ſon à lautre ;
245 2224 1815 2326 & par conſéquent il y a auſſi repos plus ou
240 2318 1816 2408 moins parfait d'un ſon à l'autre dans l'échel-
241 2407 1812 2504 le diatonique qui réſulte de cette baſſe. On
243 2500 1810 2599 peut démontrer par une expérience fort ſim-
243 2594 1811 2690 ple, que la cauſe du repos dans la mélodie
244 2687 1806 2781 eſt uniquement dans la baſſe fondamentale
240 2781 1811 2881 exprimée ou ſous-entendue. Qu'une perſon-
242 2872 1808 2963 ne chante ces trois notes ut ré ut, en faiſant
244 2966 1804 3069 ſur le ré un tremblement appellé communé-
448 1854 635 2026 D
1475 3063 1529 3143 F
