2303 3528
503 299 572 393 4
692 263 1841 383 E1EMENSDE MvsIvE
588 389 2100 520 7. Ceſt pour cela qu'on a nommé demi-ton
425 516 2142 3100 Dou il senſuit qu'il y a même intervalle d'ut à re, que
425 516 2142 3100 de ſol à la; de re à mi, que de la à ſi, & de mi à fa, que
425 516 2142 3100 de ſi à U.
425 516 2142 3100 On trouvera de même que du rè au mi, du fa au ſol, il
425 516 2142 3100 a le même intervalle que de lut au re. Pour s'en con-
425 516 2142 3100 vaincre, il faudra d'abord chanter la gamme une fois, puis
425 516 2142 3100 la chanter de nouveau en donnant à ut, dans ce nouveau
425 516 2142 3100 chant, le même ſon que lon a donné à re dans le premier;
425 516 2142 3100 & lon sappercevra que le re du ſecond chant aura le mê-
425 516 2142 3100 XXXXeX
425 516 2142 3100 chant: d'où il s enſuit que lintervalle de re à mi eſt du
425 516 2142 3100 moins ſenſiblement égal à celui d'ut à re. On trouvera de
425 516 2142 3100 meme que l'intervalle de fa à ſol eſt ſenſiblement le mème
425 516 2142 3100 que celui d'ut à re.
425 516 2142 3100 Cette expérience peut coùter quelque peine à faire
425 516 2142 3100 quand on na pas une certaine habitude avec le chant: mais
425 516 2142 3100 on pourra la faire très- facilement en ſe ſervant d'un Cla-
425 516 2142 3100 vecin, par le moyen duquel on ſera diſpenlé de retenir
425 516 2142 3100 les ſons. En touchant ſur ce Clavecin les cordes ſol, la,
425 516 2142 3100 ſi, ut, & entonnant en même tems ut, re, mi, fa, enſorte
425 516 2142 3100 que lon donne à ut le même ſon que celui de la corde ſol,
425 516 2142 3100 on verra que re du chant ſera le même que la du Clavecin,
425 516 2142 3100 cc.
425 516 2142 3100 On éprouvera auſſi ſur ce même Clavecin, que ſi on veut
425 516 2142 3100 chanter la gamme en donaut à ut le meme ſon que mi, le
425 516 2142 3100 te qui devra ſuivre ut, ſera très-ſenſiblement plus haut que
425 516 2142 3100 le fa qui ſuit mi; aiuſi lon conclura que lintervalle du mi
425 516 2142 3100 au fa eſt moindre que celui d'ut à re; & ſi on veut monter
425 516 2142 3100 du fa à un autre ſon qui faſſe avec fa le même intervalle
425 516 2142 3100 que fa fait avec mi, On trouvera de la même maniere, que
425 516 2142 3100 l'intervalle de mi, à ce nouveau lon, eſt à peu près le mê-
425 516 2142 3100 me que celui d'ut à re. Donc lintervalle de mi à fa eſt à
425 516 2142 3100 peu près la moitié de celui d'ut à re.
425 516 2142 3100 Donc, puiſque les deux demi- gammes
425 516 2142 3100 ut, re, mi, fa,
425 516 2142 3100 ol, la, i, T,
425 516 2142 3100 ſont parfaitement ſemblables, & que les intervalles dut h
467 531 2092 740 Dou il s'enſuit quil y a mème intervalle d'ut à re, que
467 531 2092 740 de ſol à la; de re à mi, que de la à ſi, & de mi à fa, que
467 531 2092 740 de ſi à UT.
475 728 2086 1457 On trouvera de même que du re au mi, du fa au ſol, il
475 728 2086 1457 a le même intervalle que de lut au re. Pour s'en con-
475 728 2086 1457 vaincre, il faudra dabord chanter la gamme une fois, puis
475 728 2086 1457 la chanter de nouveau en donnant à ut, dans ce nouveau
475 728 2086 1457 chant, le même ſon que lon a donné à re dans le premier;
475 728 2086 1457 & lon sappercevra que le re du ſecond chant aura le mê-
475 728 2086 1457 XXXXeX
475 728 2086 1457 chant: d'où il s enſuit que lintervalle de re à mi eſt du
475 728 2086 1457 moins ſenſiblement égal à celui d'ut à re. On trouvera de
475 728 2086 1457 meme que l'intervalle de fa à ſol eſt ſenſiblement le mème
475 728 2086 1457 que celui d'ut à re.
455 1429 2084 2031 Cette expérience peut coùter quelque peine à faire
455 1429 2084 2031 quand on na pas une certaine habitude avec le chant: mais
455 1429 2084 2031 on pourra la faire très- facilement en ſe ſervant d'un Cla-
455 1429 2084 2031 vecin, par le moyen duquel on ſera diſpenlé de retenir
455 1429 2084 2031 les ſons. En touchant ſur ce Clavecin les cordes ſol, la,
455 1429 2084 2031 ſi, ut, & entonnant en même tems ut, re, mi, fa, enſorte
455 1429 2084 2031 que lon donne à ut le même ſon que celui de la corde ſol,
455 1429 2084 2031 Verra que re du chant ſera le meme que la du Clavecin,
455 1429 2084 2031 C.
467 2005 2055 2681 On éprouvera auſſi ſur ce même Clavecin, que ſi on veut
467 2005 2055 2681 chanter la gamme en donaut à ut le meme ſon que mi, le
467 2005 2055 2681 te qui devra ſuivre ut, ſera très-ſenſiblement plus haut que
467 2005 2055 2681 le fa qui ſuit mi; aiuſi lon conclura que lintervalle du mi
467 2005 2055 2681 au fa eſt moindre que celui d'ut à re; & ſi on veut monter
467 2005 2055 2681 du fa à un autre ſon qui faſſe avec fa le même intervalle
467 2005 2055 2681 que fa fait avec mi, On trouvera de la même maniere, que
467 2005 2055 2681 l'intervalle de mi, à ce nouveau lon, eſt à peu près le mê-
467 2005 2055 2681 me que celui d'ut à re. Donc lintervalle de mi à fa eſt à
467 2005 2055 2681 peu près la moitié de celui d'ut à re.
448 2670 2099 3064 Donc, puiſque les deux demi- gammes
448 2670 2099 3064 ut, re, mi, fa,
448 2670 2099 3064 ol, la, i, T,
448 2670 2099 3064 ſont parfaitement ſemblables, & que les intervalles dut h
