2303 3544
505 228 1648 371 Tuxoniqvr Er PnArIQvt.
1763 263 1881 387 13
272 339 1884 747 .22. Le ſon principal eſt appellé generateur,
272 339 1884 747 & les deux autres ſons quil engendre & qui
272 339 1884 747 laccompagnent, ſont appellés ſes armoni-
272 339 1884 747 ues, en y comprenant loctave.
454 773 1718 910 SEcONDE. EXPERIENCE.
269 916 1941 1152 23. Si on accorde avec le corps ſonore deux
269 916 1941 1152 autres corps dont l'un ſoit à la douziéme au-
217 1186 1862 3056 pendant que la corde qui donne le ſon 1, en fera une. Donc
217 1186 1862 3056 pour avoir loctave au-deſſus d'un ſon, il faut multiplier
217 1186 1862 3056 par 2la quantite qui exprime ce ſon; & pour avoir locta-
217 1186 1862 3056 ve au- deſſous, il faut au contraire diviſer par 2 cette mê-
217 1186 1862 3056 me quantité.
217 1186 1862 3056 Ceſt pourquoi ſi un ſon quelconque, par exemple ut, eſt
217 1186 1862 3056 appelle. 1.
217 1186 1862 3056 Son octave au-deſſus ſera. 2.
217 1186 1862 3056 Sa double octave au-deſſus. 40
217 1186 1862 3056 Sa triple octave au-deſſus 8.
217 1186 1862 3056 De même ſon octave au- deſſous ſera
217 1186 1862 3056 Sa double octave au- deſſous .
217 1186 1862 3056 Sa triple octave au-deſſous· 3
217 1186 1862 3056 Et ainſi de ſuite.
217 1186 1862 3056 Sa douziéme au- deſſus - 3
217 1186 1862 3056 Sa douziéme au-deſſous
217 1186 1862 3056 Sa dix-ſeptiéme majeure au-deſſus.5-
217 1186 1862 3056 Sa dix- ſeptiéme majeure au- deſſous..
217 1186 1862 3056 Donc, la quinte au- deſſus du ſon 1 étant loctave au
217 1186 1862 3056 eſſous de la douziéme, ſera, par ce quon vient de dire,
217 1186 1862 3056 2, ce qui ſignifie que cette corde fait vibrations ceſt-
217 1186 1862 3056 dire une vibration & demie pendant une ſeule vibra-
217 1186 1862 3056 tion de la corde qui rend le ſon 1.
231 1180 1852 1539 pendant que la corde qui donne le ſon 1, en fera une. Donc
231 1180 1852 1539 pour avoir loctave au-deſſus d'un ſon, il faut multiplier
231 1180 1852 1539 par 2la quantite qui exprime ce ſon; & pour avoir locta-
231 1180 1852 1539 ve au- deſſous, il faut au contraire diviſer par 2 cette mê-
231 1180 1852 1539 me quantité.
259 1524 1852 2707 Ceſt pourquoi ſi un ſon quelconque, par exemple ut, eſt
259 1524 1852 2707 appelle. 1.
259 1524 1852 2707 Son octave au-deſſus ſera. 2.
259 1524 1852 2707 Sa double octave au-deſſus. 40
259 1524 1852 2707 Sa triple octave au-deſſus 8.
259 1524 1852 2707 De même ſon octave au- deſſous ſera
259 1524 1852 2707 Sa double octave au- deſſous..
259 1524 1852 2707 Sa triple octave au-deſſous· 3
259 1524 1852 2707 Et ainſi de ſuite.
259 1524 1852 2707 Sa douziéme au- deſſus - 3
259 1524 1852 2707 Sa douzieme au- deſſous. -
259 1524 1852 2707 Sa dix-ſeptiéme majeure au-deſſus.5-
259 1524 1852 2707 Sa dix- ſeptiéme majeure au- deſſous..
219 2676 1845 3066 Donc, la quinte au- deſſus du ſon 1 étant loctave au
219 2676 1845 3066 eſſous de la douziéme, ſera, par ce quon vient de dire,
219 2676 1845 3066 2, ce qui ſignifie que cette corde fait vibrations ceſt-
219 2676 1845 3066 dire une vibration & demie pendant une ſeule vibra-
219 2676 1845 3066 tion de la corde qui rend le ſon 1.
