2303 3580
471 241 1575 328 Tronrovur Er PnAriov.
1710 240 1812 339 55
330 353 1809 450 Premiere Objection. Nous venons de faire
233 448 1803 545 voir que par la génération du mode mineur,
230 540 1802 636 les ſons ut & la pouvoient ſe ſuccéder dans
233 634 1804 728 une baſſe fondamentale; cependant nous
233 725 1807 822 avons dit plus haut que les deux accords par-
234 820 1805 914 faits ut mi ſol ut, ré fa la re, ne peuvent
235 845 1804 1009 Xe:X XtRcX—
216 1005 1799 1098 ne peut ſuccéder à ut: comment accorder
236 1098 1656 1169 tout cela? En voici le dénouement.
331 1191 1802 1286 Dans la ſucceſſion des deux accords par-
237 1283 1804 1379 faits ut mi ſol ut, r fa la re, la étant né-
237 1376 1803 1470 ceſſairement quinte de ré, forme avec ut,
239 1472 1808 1558 comme nous lavons vû, une tierce mineure
239 1562 1810 1657 fort altérée, qui fait que loreille ſe prête
240 1656 1811 1748 avec peine à cette ſucceſſion, ſur laquelle
239 1747 1812 1842 rien ne peut la diſtraire. Au contraire dans la
242 1840 1812 1934 ſucceſſion des accords ut mi ſol ut, la ut mi
220 1934 1814 2026 la, les ſons ut & mi joints avec le ſon la
239 2025 1814 2120 font prendre ce la pour la tierce mineure juſ-
244 2116 1814 2209 te d'ut; de ſorte que loreille ſatisfaite &
242 2208 1815 2305 trompée tout- à-laa-fois par les ſons ut & mi
243 2301 1814 2395 communs aux deux accords, ſuppléeʒ pour
243 2395 1813 2491 ainſi dire, d'elle--même à ce qui manque au
248 2485 1815 2583 ſon la pour qu'il ſoit la tierce mineure d'ut
244 2580 903 2670 parfaitement juſte.
339 2664 1816 2765 Seconde Objection. Nous avons · obſervé,
244 2763 1813 2860 Chapitre premier, que ut mi ſol donnant le
244 2856 1813 3024 a: t t:
244 2948 1814 3054 mineur; cependant le mode mineur fa la h
