2303 3554
500 251 1587 339 Tuxonrvr Er P Artovr.
1729 251 1824 343 27
270 365 1831 528 :e:::
274 458 1829 553 d'un ſon à celui qui en eſt voiſin: on peut
275 553 1827 647 de même, & par la même raiſon, après
275 643 1831 741 avoir paſſé du mode d'ut au mode de ſol,
275 735 1829 837 paſſer du mode de ſol au mode de ré, com-
274 827 1830 923 me du mode de fa au mode de ſi : mais il
270 920 1830 1015 faut cependant obſerver que l'oreille qui a
277 948 1832 1107 .iXXXXXRX
277 1106 1831 1203 preſſe toûjours d'y revenir. Ainſi plus les mo-
278 1198 1832 1295 des dans leſquels on paſſe s'éloignent du mo-
279 1290 1832 1388 de principal, moins on doit y reſter long-
280 1383 1826 1479 tems, ou pour parler en termes de l'art,
282 1476 1831 1571 moins les phraſes de ces modes doivent être
278 1573 573 1667 longues.
576 1823 1759 1934 CHAPITREV.
321 2018 1797 2114 Formation de l'ecielle diatonique des Grecs.
281 2187 1842 2367 D4 eeXeXX
280 2280 1842 2382 immédiatement deux ſons voiſins
285 2374 1844 2492 dans la ſuite des quintes fa, ut, ſol, il s'en-
288 2469 1842 2562 ſuit qu on peut former ce chant ou cette
288 2560 1388 2655 baſſe fondamentale par quintes
442 2194 633 2367 D
542 2706 1567 2802 ſol, ut, ſl, ut, fa, ut, fa.
376 2838 1837 2934 45. Chacun des ſons qui forment ce chant,
279 2933 1848 3033 porte néceſſairement avec lui ſa tierce ma-
