2303 3523
734 310 1808 398 E1EMENS DE MssI0dE
490 420 2045 515 ner naturellement trois tons de ſuite, puiſ-
494 513 2046 610 que l'on ne ſcauroit le faire ſans changer de
495 605 2046 699 mode, & que ſi on reſte dans le même mo-
498 695 2051 789 de, le quatriéme ſon au-deſſus du premier
498 789 2050 882 ſon ne ſera jamais ſupérieur que d'un demi-
500 880 2053 974 ton au ſon qui le précede, comme on le
499 970 2046 1065 voit dans ut, e, mi, fa, & dans ſol, la, ſi,
500 1062 2050 1156 ut, où il ny a qu'un demi-ton de mi à fa, &
498 1154 848 1239 de ſ à ut.
595 1233 2053 1341 61. On peut encore obſerver dans léchel-
497 1338 2054 1431 le ut, re, mi, fa, que la tierce mineure du
497 1428 2056 1524 re au fa n'eſt pas juſte, par les raiſons qui ont
496 1521 2056 1613 déjà été expoſées (Arnt. 46.) ll en eſt de
496 1612 2058 1697 même de la tierce mineure la ut, & de la
495 1703 2055 1795 tierce majeure fa la: mais chacun de ces
499 1793 2057 1887 ſons fait d' ailleurs des conſonances parfaite-
499 1886 2057 1979 ment juſtes avec les ſons correſpondans de
502 1977 2003 2049 la baſſe fondamentale.
535 2069 2060 2162 62. Les tierces la ut, fa la, qui étoient
505 2096 2058 2255 tuci XX
500 2249 2059 2346 dans celle-ci, parce que dans la premiere
506 2279 2061 2504 XettiluXa
508 2434 2061 2597 inte de re qui lui répond dans la baſſe fon-
557 2528 889 2600 amentale.
603 2617 2060 2711 63. Ainſi on voit que léchelle des Grecs
509 2708 2061 2802 renferme moins de conſonances alterées que
509 2800 2063 2890 la nôtre (r), & cela vient encore de lintro-
513 2927 2063 3010 (r) Dans léchelle des Grecs, le la étant tierce du fa,
507 2997 2066 3072 on a une qunte alterée entre la & re: mais dans la nôtre,
