2303 3478
485 204 1552 295 AVETIEMENr
1726 205 1834 313 vij
405 336 1822 423 entre enſuite dans la théorie de
290 445 1812 559 lharmonie, que jexpoſe d'après M.
290 555 1815 668 Rameau, le plus clairement qu'il
286 666 1813 780 m'eſt poſſible. Ceſt la matiere du pre-
283 777 1812 890 mier Livre, qui ne ſuppoſe, ainſi que
286 888 1809 984 lIntroduction, aucune autre connoiſ-
285 996 1808 1109 ſance de Muſique, que celle des ſylla-
285 1107 1804 1215 labes ut, re, mi, fa, ſol, la, ſi, ut,
286 1217 1821 1331 que tout le monde ſcait.
397 1319 1809 1409 La théorie de lharmonie demande
284 1439 1812 1550 quelques calculs arithmétiques, néceſſai-
283 1547 1808 1661 res pour qu'on puiſſe comparer les ſons
284 1659 1804 1758 entr eux. Ces calculs ſont très- courts,
284 1768 1806 1879 très- ſimples, & jai fait enſorte de les
286 1879 1808 1975 rendre ſenſibles à tout le monde; ils
285 1990 1809 2099 n'éxigent aucune opération qui ne ſoit
287 2098 1810 2210 clairement expliquée, & qu'un enfant
287 2207 1810 2320 ne puiſſe faire avec la plus legere atten-
289 2321 1813 2431 tion. Cependant pour épargner mème
288 2430 1812 2541 cette peine à ceux qui voudroient s'en
289 2538 1811 2651 diſpenſer, je n'ai point inſéré ces cal-
286 2644 1815 2760 culs dans le texte; je les ai rejettés dans
283 2757 1816 2858 des notes, qu'on pourra ne pas lire, ſi
1358 2866 1543 2978 a iiij
