2303 3445
448 237 575 346 2
657 201 1816 343 EEMENS DE MsIQE
418 316 2089 631 ſons qui ſe font entendre à-la · fois; & l'ar-
418 316 2089 631 monie eſt proprement une ſuite d accords qui
418 316 2089 631 en ſe ſuccédant flattent lorgane.
480 604 2040 891 3. Dans la mélodie & dans lharmonie, on
480 604 2040 891 nomme intervalle la différence qu il y a d un
480 604 2040 891 ſon à un autre plus ou moins aigu.
418 879 2149 1545 4. Pour apprendre à connoitre les interval-
418 879 2149 1545 les, & la maniere de les diſtinguer, prenons
418 879 2149 1545 la gamme ordinaire ut, /é, m, fa, ſol, la,
418 879 2149 1545 ſi, lT, que toute perſonne entonne natu-
418 879 2149 1545 rellement, pourvù qu elle n ait m l oreille mi
418 879 2149 1545 la voix exceſſivement fauſſe. Voici ce que
418 879 2149 1545 nous remarquerons en chantant cette gamme.
478 1491 2089 2599 Le ſon re eſt plus haut ou plus aigu que
478 1491 2089 2599 le ſon ut, le ſon mi plus que le ſon re, le
478 1491 2089 2599 ſon fa plus que le ſon mi, &c. & ainſi de
478 1491 2089 2599 ſuite; de ſorte que l'interalle, ou la diffe-
478 1491 2089 2599 rence du ſon ut au ſon re, eſt moindre que
478 1491 2089 2599 l'intervalle ou la différence du ſon ut au ſon
478 1491 2089 2599 mi, l'intervalle de ut à mi, moindre que ce-
478 1491 2089 2599 lui de ut à fa, &c. & qu'enfin lintervalle
478 1491 2089 2599 du premier ut au ſecond VTeſt le plus grand
478 1491 2089 2599 de tous. C'eſt pour diſtinguer ces deux ut,
478 1491 2089 2599 que j'ai déſigné le ſecond par des lettres ma-
478 1491 2089 2599 juſcules.
393 2526 2107 2949 5. En général lintervalle de deux ſons eſt
393 2526 2107 2949 d'autant plus grand, que lun de ces ſons
393 2526 2107 2949 eſt plus aigu ou plus grave par rapport à
393 2526 2107 2949 XEieX t X
