2303 3563
471 263 568 322 22
711 242 1795 328 EtEMENsDE MSs0QE
472 354 2047 450 me (Art. 24), de ſes deux quintes fa & ſol,
478 449 2064 541 l'une au-deſſous, lautre au-deſſus; ce qui
478 539 2047 635 donne le ehant ou la ſuite de quintes fa, ut,
471 635 2045 734 ſol, que jappelle BAssE FoNDAMENTALE
480 729 1973 820 cdut par quintes.
581 817 2052 915 Nous verrons dans la ſuite qu'il y a des
483 912 2054 1007 baſſes fondamentales par tierces, tirées des
482 1006 2052 1100 deux dix-ſeptiémes, dont l'une reſonne &
484 1097 2055 1192 lautre frémit avec le ſon principal. Mais il
483 1191 2056 1286 faut aller pied à pied, & nous nous conten-
484 1282 2053 1380 tons pour le préſent d'enviſager d' abord les
484 1375 1707 1471 baſſes fondamentales par quintes.
588 1461 2057 1562 34. Ainſi du ſon ut, on peut aller indiffé-
489 1562 1662 1655 remment au ſon ſol ou au ſon fa.
589 1652 2059 1749 35. On peut, par la même raiſon, con-
484 1746 2057 1839 tinuer cette ſuite de quintes en montant &
484 1839 1917 1933 en deſcendant depuis ut, en cette ſorte,
619 1986 1933 2084 mih, ib, fa, ut, ſol, e, a, &c.
487 2118 2062 2215 & dans cette progreſſion on peut paſſer d'un
496 2212 2058 2308 ſon quelconque à celui qui le précede ou qui
494 2302 1318 2380 le ſuit immédiatement.
619 1986 1933 2081 mi b,ſi,,a,, u, ſol, i, la, &c.
600 2396 2061 2494 36. Mais il n'eſt pas permis de même de
497 2490 2060 2599 paſſer d'un ſon à un autre qui n'en ſoit pas
497 2584 2063 2680 immédiatement voiſin, par exemple de ut à
499 2677 2062 2763 re, ou de re à ut. Pour le faire voir, nous
499 2768 2061 2864 obſerverons d'abord que le ſon re emporte
497 2861 2061 2948 néceſſairement avec lui le ſon la; car la eſt
493 2955 2062 3057 quinte de re, & loctave de cette quinte re
