2303 3507
502 187 1610 321 TuroniovE ET PnATiQvE.
245 310 1931 528 46. On ſe convaincra de nouveau de cet-
245 310 1931 528 te vérité par les remarques ſuivantes.
363 502 1849 625 Dans le chant ſi, ut, é, mi, fa, ſol, a,
193 614 1879 3007 2. Que eſt la tierce majeure de ſol, ceſt à dire de
193 614 1879 3007 ,(Note ) & par conſequent .
193 614 1879 3007 3. Que re eſt la quinte de ſol, ceſt à-dire les de 3
193 614 1879 3007 & par conſcquent?.
193 614 1879 3007 4. Que mi eſt la tierce majeure de loctave dut, & par
193 614 1879 3007 conſéquent le double de , ceſt-àà-dire .
193 614 1879 3007 5. Que ſa eſt la double octave de fa de la baſſe, &
193 614 1879 3007 ꝓar conéquent ?.
193 614 1879 3007 6ꝰ. Que ſol de lechelle eſt loctave de ſol de la baſſe,
193 614 1879 3007 & par conſéquent 3.
193 614 1879 3007 7. Entn, que la de léchelle eſt la tierce majeure du fa
193 614 1879 3007 de léchelle, ceſt -à - dire de , ou .
193 614 1879 3007 On aura donc la table ſuivante, dans laquelle chaque ſotn
193 614 1879 3007 a ſa valeur numerique au · deſſous de lui.
193 614 1879 3007 Echelle diatonique.
193 614 1879 3007 5 2 9 5 8
193 614 1879 3007 ,7273
193 614 1879 3007 , ut, re, mi, fa, ſol, la.
193 614 1879 3007 ſol, ut, ſol, ut, fa, ue, ſa.
193 614 1879 3007 2121 1 .
193 614 1879 3007 a 2 3
193 614 1879 3007 Baſſe fondamentale.
193 614 1879 3007 & ſi, pour la commodité du calcul, on veut appeller r le
193 614 1879 3007 ſon us de léchelle, il n'y a quà en ce cas diviſer par 2
193 614 1879 3007 chacun des nombres qui reprelentent l echelle diatomque
193 614 1879 3007 & on aura
193 614 1879 3007 12122.
193 614 1879 3007 16 84 3 2
193 614 1879 3007 . u c. mi⸗ ſ ſol la.
228 630 1814 1576 2. Que eſt la tierce majeure de ſol, ceſt -à dire ᷓ de
228 630 1814 1576 ,(Moie d) & par conſéquent .
228 630 1814 1576 3. Que re eſt la quinte de ſol, ceſt à-dire les de 3
228 630 1814 1576 & par conſcquent?.
228 630 1814 1576 4. Que mi eſt la tierce majeure de loctave dut, & par
228 630 1814 1576 conſéquent le double de , ceſt-àà-dire .
228 630 1814 1576 5. Que ſa eſt la double octave de fa de la baſſe, &
228 630 1814 1576 ꝓar conéquent ?.
228 630 1814 1576 6ꝰ. Que ſol de lechelle eſt loctave de ſol de la baſſe,
228 630 1814 1576 & par conſéquent 3.
228 630 1814 1576 7. Enfin, que la de léchelle eſt la tierce majeure du fa
228 630 1814 1576 de léchelle, ceſt- à -dire de , ou .
227 1564 1816 1727 On aura done la table ſuivante, dans laquelle chaque ſon
227 1564 1816 1727 a ſa valeur numerique au · deſſous de lui.
740 1758 1360 1866 Echelle diatonique.
701 2347 1310 2468 Baſſe fondamentale.
197 2500 1792 2791 & ſi, pour la commodité du calcul, on veut appeller r le
197 2500 1792 2791 ſon us de léchelle, il n'y a quà en ce cas diviſer par 2
197 2500 1792 2791 chacun des nombres qui reprelentent l echelle diatomque
197 2500 1792 2791 & on aura
