2303 3478
432 139 1589 319 AVETIEMENr
1699 163 1872 313 vij
224 290 1844 1378 entre enſuite dans la théorie de
224 290 1844 1378 lharmonie, que jexpoſe d'après M.
224 290 1844 1378 Rameau, le plus clairement qu'il
224 290 1844 1378 m'eſt poſſible. Ceſt la matiere du pre-
224 290 1844 1378 mier Livre, qui ne ſuppoſe, ainſi que
224 290 1844 1378 lIntroduction, aucune autre connoiſ-
224 290 1844 1378 ſance de Muſique, que celle des ſylla-
224 290 1844 1378 labes ut, re, mi, fa, ſol, la, ſi, ut,
224 290 1844 1378 que tout le monde ſcait.
253 1302 1872 2858 La théorie de lharmonie demande
253 1302 1872 2858 quelques calculs arithmétiques, néceſſai-
253 1302 1872 2858 res pour qu'on puiſſe comparer les ſons
253 1302 1872 2858 entr eux. Ces calculs ſont très- courts,
253 1302 1872 2858 très- ſimples, & jai fait enſorte de les
253 1302 1872 2858 rendre ſenſibles à tout le monde; ils
253 1302 1872 2858 n'éxigent aucune opération qui ne ſoit
253 1302 1872 2858 clairement expliquée, & qu'un enfant
253 1302 1872 2858 ne puiſſe faire avec la plus legere atten-
253 1302 1872 2858 tion. Cependant pour épargner mème
253 1302 1872 2858 cette peine à ceux qui voudroient s'en
253 1302 1872 2858 diſpenſer, je n'ai point inſéré ces cal-
253 1302 1872 2858 culs dans le texte; je les ai rejettés dans
253 1302 1872 2858 des notes, qu'on pourra ne pas lire, ſi
1340 2852 1589 2985 a iiij
