2303 3563
464 246 578 333 22
687 222 1805 342 EtEMENsDE MSs0QE
442 342 2087 824 me (Art. 24), de ſes deux quintes fa & ſol,
442 342 2087 824 l'une au-deſſous, lautre au-deſſus; ce qui
442 342 2087 824 donne le ehant ou la ſuite de quintes fa, ut,
442 342 2087 824 ſol, que jappelle BAssE FoNDAMENTALE
442 342 2087 824 cdut par quintes.
417 791 2095 1478 Nous verrons dans la ſuite qu'il y a des
417 791 2095 1478 baſſes fondamentales par tierces, tirées des
417 791 2095 1478 deux dix-ſeptiémes, dont l'une reſonne &
417 791 2095 1478 lautre frémit avec le ſon principal. Mais il
417 791 2095 1478 faut aller pied à pied, & nous nous conten-
417 791 2095 1478 tons pour le préſent d'enviſager d' abord les
417 791 2095 1478 baſſes fondamentales par quintes.
472 1461 2063 1659 34. Ainſi du ſon ut, on peut aller indiffé-
472 1461 2063 1659 remment au ſon ſol ou au ſon fa.
427 1645 2092 2383 35. On peut, par la même raiſon, con-
427 1645 2092 2383 tinuer cette ſuite de quintes en montant &
427 1645 2092 2383 en deſcendant depuis ut, en cette ſorte,
427 1645 2092 2383 mih, ib, fa, ut, ſol, e, a, &c.
427 1645 2092 2383 & dans cette progreſſion on peut paſſer d'un
427 1645 2092 2383 ſon quelconque à celui qui le précede ou qui
427 1645 2092 2383 le ſuit immédiatement.
563 1933 1985 2081 mi b,ſi,,a,, u, ſol, i, la, &c.
473 2384 2073 3122 36. Mais il n'eſt pas permis de même de
473 2384 2073 3122 paſſer d'un ſon à un autre qui n'en ſoit pas
473 2384 2073 3122 immédiatement voiſin, par exemple de ut à
473 2384 2073 3122 re, ou de re à ut. Pour le faire voir, nous
473 2384 2073 3122 obſerverons d'abord que le ſon re emporte
473 2384 2073 3122 néceſſairement avec lui le ſon la; car la eſt
473 2384 2073 3122 quinte de re, & loctave de cette quinte re
