2303 3544
407 172 619 348 vii
678 154 1827 319 AVERTISEMENT
413 308 2081 862 on le juge à propos, en ſe contentant
413 308 2081 862 de ſuppoſer comme vraies les propoſi-
413 308 2081 862 tions énoncées dans le texte, & dont la
413 308 2081 862 preuve ſe trouve dans les notes.
383 773 2057 2376 Le ſecond Livre contient les princi-
383 773 2057 2376 pales regles de la compoſition, ou ce
383 773 2057 2376 qui eſt la même choſe, la pratique de
383 773 2057 2376 lharmonie. Ces regles ſont fondées ſur
383 773 2057 2376 les principes expoſés dans le premier
383 773 2057 2376 Livre; cependant ceux qui voudront
383 773 2057 2376 ſe renfermer dans la pratique, ſans en
383 773 2057 2376 approfondir les raiſons, peuvent ſe
383 773 2057 2376 borner à lire lIntroduction, & le ſe-
383 773 2057 2376 cond Livre. Ceux qui auront lû le pre-
383 773 2057 2376 mier Livre, trouveront à chaque re-
383 773 2057 2376 gle que contient le ſecond, un renvoi
383 773 2057 2376 lendroit du premier Livre, où lon
383 773 2057 2376 donne la raiſon de cette regle.
395 2352 2086 2977 Pour ne point préſenter à la fois un
395 2352 2086 2977 trop grand nombre d'objets & de pré-
395 2352 2086 2977 ceptes, j'ai rejetté dans les notes de
395 2352 2086 2977 cette ſeconde Partie pluſieurs obſerva-
395 2352 2086 2977 tions & regles d'un uſage moins fré-
