2303 3523
452 268 1533 363 Tuxoniovr Er PAriovE.
1712 274 1803 349 43
256 369 1807 491 choſe, puiſque loctave ou la gamme ny eſt
255 476 1410 581 formée que de douze demi-tons.
356 558 1810 651 66. De- là il s'enſuit néceſſairement: 1.
258 646 1809 769 quil eſt impoſſihle que toutes les octaves &
257 736 1807 853 toutes les quintes ſoient juſtes a -la -fois,
258 829 1808 952 principalement dans les inſtrumens à touche,
264 921 1811 1031 où l'on ne connoit point d intervalles plus
261 1013 1813 1134 petits que le demi-ton: 2ꝰ. qu'il faut par
266 1102 1814 1221 conſéquent, ſi on accorde les quintes juſtes,
268 1194 1819 1297 altérer les octaves; or la reſſemblance qu il
271 1290 1824 1410 y a entre un ſon & ſon octave, ne nous
273 1376 1822 1499 permet pas une telle altération: cette reſ-
272 1470 1824 1581 ſemblance fait que loctave ſert de bornes
273 1562 1827 1669 aux intervalles, & que tout ce qui eſt con-
275 1650 1829 1771 tenu par de·là la gamme ordinaire, n' eſt que
280 1744 1831 1863 la replique, c' eſt- à- dire la répétition de tout
280 1829 1832 1955 ce qui a précedé. C'eſt pourquoi, ſi on ſe
283 1926 1835 2050 permettoit une fois d'altérer loctave, iln y
283 2016 1838 2135 auroit plus de point fixe dans lharmome ni
286 2105 1840 2206 dans la mélodie. Il faut donc de neceſſite
289 2199 1841 2297 abſolue accorder le dernier ut ou ſi à loc-
293 2292 1843 2407 tave juſte du premier; d'où il senſuit que
295 2379 1846 2500 dans la progreſſion des quintes, ou, ce qui
296 2475 1844 2577 eſt la même choſe, dans la ſuite alternative
301 2565 1841 2685 des quintes & des quartes VT, SOL, re,
305 2656 1844 2784 LA, mi, , fa , ut X, ſol X, e ,
307 2751 1851 2863 la X, i X, il eſt neceſſaire que
315 2837 1850 2953 toutes les quintes ſoient altérées, ou du
313 2929 1851 3036 moins quelques-unes. Or n'y ayant point de
