2303 3580
482 238 572 305 28
683 234 1807 329 EIEMENS DE MsI0vE
480 351 2040 447 jeure, ſa quinte & ſon octave; enſorte
480 443 2037 542 qu'en chantant, par exemple ſol, on eſt
481 534 2035 631 cenſé chanter en même tems les ſons ſol,
477 625 2039 720 ſi, re, ſol; de même le ſon ut de la baſſe
478 717 2035 820 fondamentale emporte avec lui ce chant ut,
477 813 2040 913 mi, ſol, ut, & enfin le ſon fa emporte avec
478 904 2038 1003 lui fa, la, ut, fa: donc ce chant ou cette
478 995 1859 1079 baſſe fondamentale
699 1146 1796 1248 ol, u,, ol, ut, a, ut, fa,
477 1292 1941 1395 donne le chant diatonique ſuivant,
697 1443 1807 1541 , u, , mi, fa, ol, la,
491 1592 2052 1753 Ec:
566 1686 2048 1783 r. Nous gnorons par q els principes
490 1778 2049 1874 ils lavoient formée; mais il eſt viſible que
491 1872 2047 1965 cette échelle nait de la baſſe ſol, ut, ſol, ut,
477 1963 2052 2060 fa, ut, fa, & que par conſéquent cette baſſe
491 2053 2053 2151 eſt nommée avec raiſon fondamentale, com-
491 2151 2058 2245 me étant le véritable chant primitif, celui
489 2240 2058 2404 txt
488 2333 2054 2521 ,n roigus ', , «',e, 4,
699 1146 1796 1248 ol, u,, ol, ut, a, ut, fa,
697 1443 1807 1541 , u, , mi, fa, ol, la,
485 2613 2063 2687 (I) Rien neſt plus facile que de trouver dans cette
488 2680 2062 2751 échelle la valeur de chaque ſon par rapport au ſon ut, que
487 2746 2064 2816 nous appellons 1; car les deux ſons ſol & fa de la baſle
488 2816 1255 2897 ſont 4 & ; d'où il senſuit,
560 2891 2072 2962 18. Que ut de léchelle eſt loctave de ut de la baſſe
486 2964 2052 3019 eſt-à-dire 2.
560 2891 2021 2962 18. Que ut de léchelle eſt loctave de ut de la baſſe
486 2964 854 3018 eſt-à-dire 2.
