2303 3544
540 269 1639 360 Tuxoniqvr Er PnArIQvt.
1773 307 1869 385 13
303 376 1859 484 .22. Le ſon principal eſt appellé generateur,
305 461 1858 585 & les deux autres ſons quil engendre & qui
298 558 1862 661 laccompagnent, ſont appellés ſes armoni-
301 658 1453 745 ues, en y comprenant loctave.
486 797 1660 884 SEcONDE. EXPERIENCE.
340 942 1846 1046 23. Si on accorde avec le corps ſonore deux
292 1036 1839 1129 autres corps dont l'un ſoit à la douziéme au-
290 1205 1837 1282 pendant que la corde qui donne le ſon 1, en fera une. Donc
284 1273 1833 1356 pour avoir loctave au-deſſus d'un ſon, il faut multiplier
280 1337 1831 1414 par 2la quantite qui exprime ce ſon; & pour avoir locta-
280 1402 1834 1480 ve au- deſſous, il faut au contraire diviſer par 2 cette mê-
280 1468 1716 1531 me quantité.
347 1532 1832 1615 Ceſt pourquoi ſi un ſon quelconque, par exemple ut, eſt
275 1596 1696 1667 appelle. 1.
341 1681 1696 1753 Son octave au-deſſus ſera. 2.
334 1764 1695 1848 Sa double octave au-deſſus. 40
278 1847 1689 1927 Sa triple octave au-deſſus 8.
275 1930 1686 2021 De même ſon octave au- deſſous ſera
246 2032 1769 2126 Sa double octave au- deſſous .
325 2123 1678 2226 Sa triple octave au-deſſous· 3
315 2236 758 2290 Et ainſi de ſuite.
321 2317 1680 2393 Sa douziéme au- deſſus - 3
266 2401 1727 2490 Sa douziéme au-deſſous
316 2501 1672 2572 Sa dix-ſeptiéme majeure au-deſſus.5-
313 2584 1667 2672 Sa dix- ſeptiéme majeure au- deſſous..
311 2687 1801 2753 Donc, la quinte au- deſſus du ſon 1 étant loctave au
246 2752 1793 2820 eſſous de la douziéme, ſera, par ce quon vient de dire,
246 2818 1791 2895 2, ce qui ſignifie que cette corde fait vibrations ceſt-
246 2874 1794 2968 dire une vibration & demie pendant une ſeule vibra-
247 2963 1155 3034 tion de la corde qui rend le ſon 1.
290 1205 1837 1282 pendant que la corde qui donne le ſon 1, en fera une. Donc
284 1273 1833 1356 pour avoir loctave au-deſſus d'un ſon, il faut multiplier
280 1337 1831 1414 par 2la quantite qui exprime ce ſon; & pour avoir locta-
280 1402 1834 1480 ve au- deſſous, il faut au contraire diviſer par 2 cette mê-
280 1468 1716 1535 me quantité.
347 1525 1832 1615 Ceſt pourquoi ſi un ſon quelconque, par exemple ut, eſt
275 1596 1696 1667 appelle. 1.
341 1681 1696 1753 Son octave au-deſſus ſera. 2.
334 1764 1695 1848 Sa double octave au-deſſus. 40
278 1847 1689 1927 Sa triple octave au-deſſus 8.
275 1930 1686 2021 De même ſon octave au- deſſous ſera
327 2032 1769 2126 Sa double octave au- deſſous..
325 2123 1678 2226 Sa triple octave au-deſſous· 3
315 2236 758 2290 Et ainſi de ſuite.
321 2317 1680 2393 Sa douziéme au- deſſus - 3
269 2401 1727 2490 Sa douzieme au- deſſous. -
316 2501 1672 2572 Sa dix-ſeptiéme majeure au-deſſus.5-
313 2584 1667 2672 Sa dix- ſeptiéme majeure au- deſſous..
311 2687 1801 2753 Donc, la quinte au- deſſus du ſon 1 étant loctave au
246 2752 1793 2820 eſſous de la douziéme, ſera, par ce quon vient de dire,
246 2818 1791 2895 2, ce qui ſignifie que cette corde fait vibrations ceſt-
246 2874 1794 2968 dire une vibration & demie pendant une ſeule vibra-
247 2963 1155 3034 tion de la corde qui rend le ſon 1.
