2303 3478
444 226 606 365 14
698 209 1826 348 ESDE Mss0vE
444 365 2115 3053 deſſus du corps ſonore, l'autre à la dix · ſeptié-
444 365 2115 3053 me majeure au-deſſus, ces deux derniers corps
444 365 2115 3053 frémiront dans leurtotalite dès qu' on fera reſon-
444 365 2115 3053 ner le premier, & de plus ils reſonneront; ce
444 365 2115 3053 qui prouve de nouveau combien la douzié-
444 365 2115 3053 me & la dix-ſeptiéme majeure au-deſſus d'un
444 365 2115 3053 ſon principal ont d'analogie avec ce ſon.
444 365 2115 3053 Mais ſi on accorde avec le même corps ſo-
444 365 2115 3053 nore deux autres corps dont l'un ſoit à la
444 365 2115 3053 douziéme au-deſſous du corps ſonore, &
444 365 2115 3053 lautre à ſa dix- ſeptiéme majeure au-deſſous,
444 365 2115 3053 ces deux derniers corps frémiront dès qu'on
444 365 2115 3053 fera reſonner le premier, mais ils ne frémi-
444 365 2115 3053 ront point dans leur totalite; en frémiſſant ils
444 365 2115 3053 ſe diviſeront par une eſpece d'ondulation,
444 365 2115 3053 lun en trois, lautre en cinq parties égales;
444 365 2115 3053 enſorte qu'il y aura pendant le frémiſſement
444 365 2115 3053 des points qui reſteront en repos. Ainſi ſup-
444 365 2115 3053 poſons que A ſoit une corde ſonore fixe
444 365 2115 3053 par ſes deux extrémités A, B, C  (Voyez
444 365 2115 3053 Ibid.) une autre corde ſonore auſſi fixe par
444 365 2115 3053 ſes extrémités C, F, & dont le ſon ſoit à la
444 365 2115 3053 douziéme au- deſſous du ſon que rend la cor-
444 365 2115 3053 de AB, dès qu'on fera reſonner la corde A
444 365 2115 3053 toute ſeule, on verra la corde C F frémir
444 365 2115 3053 ſans reſonner, & prendre en frémiſſant la
444 365 2115 3053 figure CXDE F, dans laquelle on diſ-
444 365 2115 3053 tinguera facilement les points immobiles D,
444 365 2115 3053 E, & les trois ventres A, , G; enſorte
