2303 3593
508 260 1621 351 TuxoRouE Er Er Prriovr.
1773 274 1866 342 2
277 370 1862 473 plûtôt leurs octaves, ne font que frémir quand
280 470 1860 564 ut reſonne, & ne reſonnent pas avec lui com-
282 564 1861 656 me les octaves de mi & de ſol; il senſuit de
281 653 1862 750 là que le mode ou genre mineur eſt donné
280 748 1861 840 par la nature moins immédiatement & moins
276 840 1469 924 directement que le mode majeur.
383 933 1860 1030 32. Donc les accords les plus parfaits ſont:
291 1028 1858 1121 1. tout accord, comme ut mi ſol ut, formé
279 1119 1860 1217 d'un ſon, de ſa tierce majeure, de ſa quinte
281 1214 1859 1302 & de ſon octave: 2. tout accord, comme
263 1305 1858 1403 fa la h ut fa, formé d'un ſon, de ſa tierce
281 1398 1859 1494 mineure, de ſa quinte & de ſon octave. En
274 1490 1860 1587 effet, ces deux accords ſont donnés par la
278 1580 1861 1749 EX Xe
277 1678 1867 1776 que le ſecond. Le premier eſt appellé accord
272 1770 1862 1880 parfait majeur, & le ſecond, accod parfait
280 1893 1847 1936 ineir.
491 2149 1842 2236 CHAPITRE III.
275 2312 1865 2416 De la ſuite des quintes, & des loix qu elle doie
786 2410 1209 2505 obſerer.
284 2581 1855 2764 PtrtXt
584 2675 1854 2773 ſol & fait frémir le ſon fa, qui ſont
280 2770 1853 2865 ſes deux douziémes, nous pouvons imagi-
276 2862 1853 2959 ner un chant compoſé de ce ſon ut & de ſes
281 2955 1857 3051 deux douzièmes, ou ce qui revient au mê-
437 2588 576 2764 P
1422 3048 1564 3140 Bij
