2303 3594
546 251 1661 340 Turoniov r PRrIovr:
1786 252 1887 352 89
283 361 1878 469 dre à ſol; car le changement du fa en fa
285 460 1879 562 naturel, ne fera que conſerver l'impreſſion
285 557 1878 653 du mode d'ut au lieu de celle du mode de
283 650 1874 748 ſol, que le fa y auroit introduite; du reſte,
284 745 1876 836 le ſon re conſervera toûjours ſon caractere
286 838 1872 931 de dominante au moyen de la diſſonance ut,
288 931 1871 1027 qui en fait la ſeptième. Ainſi dans cet accord,
287 1026 1876 1120 re, fa, la ,ut, e peut être regardé comme
288 1117 1872 1213 une dominante imparfaite; je dis impafaite,
342 1211 1872 1306 c elle porte la tie ce mi e re f au
286 1238 1875 1401 XXeeXrc—
285 1397 1876 1493 dans la ſuite je l'appellerai ſimplement do-
285 1490 1875 1586 minante pour la diſtinguer de la dominante
283 1584 1761 1679 ſol, qui ſera nommée dominante tonique.
396 1676 1873 1772 103. Ainſi les ſons fa & ſol, qui ne peu-
285 1769 1865 1865 vent ſe ſuccéder dans une baſſe diatonique,
285 1863 1877 2023 :X
283 1952 1877 2053 fa la uſſ,,pe vent e ſucceder, ſi
290 2048 1880 2144 on joint re à lharmonie du premier, & fa à
288 2137 1879 2234 lharmonie du ſecond, & qu'on renverſe le
293 2232 1879 2333 premier accord, c'eſt· à-dire, ſi on donne aux
295 2324 1887 2421 deux accords cette forme, e fa la ut, ſol
283 2424 538 2517 ſi re fa.
330 2504 1888 2609 104. De plus, laccord fa, la, ut, t pou-
296 2541 1871 2700 tXiXXXrXm
297 2699 1875 2794 t, il senſuit par les mêmes raiſons que l'ac-
297 2791 1869 2887 cord ut, mi, ſol, ut pourra être ſuivi. de re,
283 2888 1876 2987 fa, la, ut; ce qui n'eſt point contraire à ce
302 2978 1880 3078 que nous avons dit ci - deſſus (Art. 37.),
1479 3074 1597 3174 Eij
