2303 3579
493 299 1602 383 Tutonrovr Er PArIoE.
1742 308 1833 400 33
260 409 1832 577 uſque ce tétracorde eſt parfaitement ſem-
311 512 1809 604 lable au premier.
286 588 1832 701 5 2. Mais il n'en eſt pas de même quand
256 693 1829 787 on compare deux ſons pris dans les deux té-
256 789 1828 885 tracordes; car nous avons déjà vû que le
251 880 1827 974 ſon re du premier tétracorde fait avec le ſon
236 973 1827 1069 fa du ſecond une tierce mineure qui n'eſt
250 1065 1829 1164 pas juſte. On trouvera de même que la quin-
249 1155 1823 1251 te de re à la n'eſt pas parfaitement juſte, ce
247 1250 1822 1349 qui eſt évident: car la tierce majeure de fa
245 1341 1821 1434 la eſt juſte, & la tierce mineure de re à
236 1434 1821 1533 fa ne leſt pas; or pour former une quinte
242 1527 1822 1625 juſte, il faut une tierce majeure & une tier-
244 1621 1817 1718 ce mineure qui ſoient parfaitement juſtes
243 1715 1555 1786 lune & l'autre.
345 1802 1819 1903 53. De- la il s'enſuit que tout eſt abſolu-
242 1897 1822 2019 ment parfait dans chaque tétracorde pris en
241 1990 1823 2089 particulier; mais qu il y a alteration d un té-
241 2085 1823 2179 tracorde à l'autre. Nouvelle raiſon pour diſ-
237 2176 1706 2275 tinguer l'échelle en ces deux tétracordes.
264 2268 1820 2366 54. On peut s'aſſurer par le calcul, que
236 2360 1819 2455 dans le tétracorde ſ, ut, re, mi, l'intervalle
245 2452 1818 2550 ou le ton du ré au mi eſt un peu moindre que
244 2544 1819 2642 lintervalle ou le ton de l'utaure (p); de mê-
247 2691 1819 2781 On trouve de même que le rapport de mi à ſi eſt de à
249 2771 1816 2863 , ceſt- dire de 5 fois 16 à 15 fois 4, ou de 4 à 33 ce
250 2864 984 2935 qui donne une quarte juſte.
319 2925 1817 3013 (p) Le rapport de re à ut eſt ?: celui de mi à re eſt le
251 3013 1822 3097 rapport deàS. ceſt à-dire de 40 à 36,ou de 10 à9
247 2691 1819 2781 On trouve de même que le rapport de mi à ſi eſt de à
249 2771 1816 2863 , ceſt- dire de 5 fois 16 à 15 fois 4, ou de 4 à 33 ce
250 2864 984 2934 qui donne une quarte juſte.
255 2913 1817 3013 () Le rapport de r a ut eſt : celui de mi a ri eſt le
251 3013 1822 3102 rapport de à i ceſt à- dire de 40 à 36, ou de 1o à 9:
