2303 3572
504 243 1610 331 TuroovEEr PArIovE.
1804 265 1858 339 5
272 350 1859 452 lintervalle du mi au fa, ou du ſi à lut; &
274 450 1854 548 ton lintervalle d'ut à re, celui de re à mi,
276 539 1660 639 de fa à ſol, de ſol à la, de la à ſi.
294 635 1845 730 Le ton s'appelle encore ſeconde majeure,
276 726 1818 819 & le demi-ton, ſeconde mineue.
291 814 1865 913 8. Deſcendre ou monterdiatoniquement, c' eſt
276 910 1851 1007 deſcendre ou monter d'un ſon à un autre par
277 1003 1852 1091 lintervalle d'un ton ou d'un demi-ton, ou
277 1097 1850 1192 en général de ſeconde, ſoit majeure ſoit mi-
277 1188 1849 1282 neure, comme de re à ut, ou de ut à ré; de
272 1280 1125 1375 fa à mi, ou de mi à fa.
548 1537 1844 1645 CHAPITREII.
284 1713 1871 1815 Noms par leſquels on déſigne les diffrens
649 1814 1838 1908 interalles de la gamme.
277 1972 1856 2142 rX
577 2071 1894 2163 mi, comme mi ſol, ou la ut, ou re fa,
276 2164 1856 2258 Sappelle tierce mineure.
383 1972 556 2145 U
276 2246 1856 2349 Un intervalle compoſé de deux tons,
278 2347 1853 2445 comme ut mi, ou fa la, ou ſol ſi, s'appelle
279 2463 1829 2518 tMerce maei/re.
324 2502 1201 2557 r
376 2529 1857 2632 Un intervalle compoſe de deux tons &
274 2701 1859 2776 re, de re à mi, & de fa à ſol, ſont égaux, il senſuit que les
284 2768 1860 2836 intervalles de ſol à la & de la à ſi ſont encore égaux à cha-
285 2832 1861 2951 etritt
283 2898 1865 2981 & que les untervalles de mi à f & eſ uſſi
272 2968 1834 3038 Kgaux, mais ne ſont qus la motié des autres.
1437 3024 1584 3121 Aij
1851 400 2164 509 oyer /a
1851 505 2156 572 figure ma-
1881 572 2071 638 quee As
