2303 3450
490 223 614 335 10
693 201 1869 333 ELEMENSDE MvsI0vE
487 346 2089 1333 on peut arriver d'ut à ré, en paſſant par un
487 346 2089 1333 ſon intermédiaire qui ſera plus haut d'un de-
487 346 2089 1333 mi-ton que ut, & plus bas d'un demi - ton
487 346 2089 1333 que re. Un ſon de la gamme s'appelle dieze,
487 346 2089 1333 quand il eſt élevé d'un demi-ton, & ſe deſi-
487 346 2089 1333 gne par cette marque X; ainſi ut ſignifie
487 346 2089 1333 ut dieze, c'eſt- à-dire, ut élevé d'un demi-
487 346 2089 1333 ton au-deſſus de lut de la gamme. Un ſon
487 346 2089 1333 de la gamme baiſſé d'un demi-ton s'appelle
487 346 2089 1333 bemol, & ſe déſigne par un ; ainſi la ſigni-
487 346 2089 1333 fie la bemol, ou la baiſſé d'un demi-ton.
588 1481 2022 1751 CHIAPITRE V.
588 1481 2022 1751 Ce que c'eſt que conſonance diſſonance.
456 1780 2091 2497 Uc:
456 1780 2091 2497 nion plait à l'oreille, s'appelle accord
456 1780 2091 2497 conſonant; & les ſons qui forment cet accord
456 1780 2091 2497 sappellent conſonances les uns par rapport
456 1780 2091 2497 aux autres. La raiſon de cette dénomination
456 1780 2091 2497 r e: re e
456 1780 2091 2497 les ſons qui le forment ſe confondent davan-
456 1780 2091 2497 tage enſemhle.
456 2491 2119 2686 17. L'octave d'un ſon eſt la plus parfaite
456 2491 2119 2686 des conſonances que ce ſon puiſſe avoir; en-
530 2703 2085 2950 Ainſi comparer des ſons entr'eux neſt autre choſe que
530 2703 2085 2950 comparer entr'eux les nombres de vibrations que font pen-
530 2703 2085 2950 dant un certain tems les cordes qui produiſent ces ſons.
