2303 3513
678 246 1781 329 E1EMENS DE MvsIVE
463 353 2017 456 demi, comme ut fa, ou ſol ut, sappelle
464 464 878 557 qua/te.
466 539 2014 633 Un intervalle compoſé de trois tons,
477 629 2016 733 comme fa ſi, sappelle triton ou quarte ſu-
465 736 711 842 pelue.
576 811 2021 911 Un intervalle compoſé de trois tons & de-
478 904 2021 1002 mi, comme ut ſol, ou fa ut, ou ré la, ou
481 1001 1441 1097 mi ſi, &c. s'appelle quinte.
576 1085 2029 1183 Un intervalle compoſé de trois tons &
485 1179 2032 1278 de deux demi-tons, comme mi T, sap-
487 1277 1145 1382 pelle ſixte mineure.
584 1359 2053 1457 Un intervalle compoſé de quatre tons &
493 1449 2037 1546 un demi-ton, comme ut la, Sappelle ſixte
489 1581 1041 1641 M /eure.
586 1634 2041 1730 Un intervalle compoſé de quatre tons &
497 1724 2040 1818 deux demi-tons, comme re T, sappelle
483 1827 1057 1929 ſeptieme mineure.
500 1906 2045 2010 Un intervalle compoſé de cinq tons &
504 2000 2048 2097 demi, comme ut ſi, sappelle ſepuéme ma-
493 2103 1322 2203 jeure.
606 2181 2051 2274 Enfin, un intervalle compoſé de cinq tons
513 2270 2056 2367 & deux demi-tons, comme ut T, eſt ap-
516 2374 939 2480 pellé octave.
623 2450 2055 2551 1o. Deux ſons également aigus, ou égale-
519 2544 2056 2648 ment graves, quelque inégalité qu'il y ait
521 2630 2057 2726 d ailleurs dans leur force, ſont dits à l'unſſon
520 2730 1951 2818 Pun de l'autre.
507 2819 2060 2915 11. Quand deux ſons forment entr'eux un
519 2909 2061 3018 intervalle quelconque, on dit que le plus ai-
