2303 3500
463 263 602 414 34
695 245 1854 373 E1EMENS DE MSI0VE
487 380 2094 1138 me dans le ſecond tétracorde mi, fa, ſol, la,
487 380 2094 1138 ui eſt comme nous l'avons prouvé par-
487 380 2094 1138 5i XiürüXXri.
487 380 2094 1138 ſol au la eſt un peu moindre que le ton du
487 380 2094 1138 fa au ſol; c'eſt pour cette raiſon qu'on diſtin-
487 380 2094 1138 gue deux ſortes de tons, le ton majeur com-
487 380 2094 1138 me d'ut à re, de fa à ſol, &c. & le ton mi
487 380 2094 1138 neur comme de r à mi, de ſol à la, &c.
486 1276 2116 1695 CHAPITRE VI.
486 1276 2116 1695 Formation de lechelle diatonique des Modernes;
486 1276 2116 1695 ou gamme ordinaire.
499 1695 2124 2023 55. Ous venons de montrer dans le
499 1695 2124 2023 Chapitre précédent, comment ſe
499 1695 2124 2023 forme léchelle des Grees, ſi, ut, é, mi, fa,
484 2026 2158 3018 or difſere moins de lunité que ; donc lintervalle de
484 2026 2158 3018 re à mi eſt un peu moindre que celui de ut à re.
484 2026 2158 3018 Si on veut ſcavoir le rapport de à , on trouvera
484 2026 2158 3018 (Note d) que ceſt celui de 8 fois 10 à 9 fois 9, ceſt- à-
484 2026 2158 3018 dire de 8o à 81. Ainſi la différence du ton mineur au ton
484 2026 2158 3018 majeur eſt de 8o à 81; cette différence eſt ce que les Grecs
484 2026 2158 3018 ont appellé comma. Elle eſt inſenſible à loreille, quoique
484 2026 2158 3018 réelle.
484 2026 2158 3018 On peut remarquer que cette diſſérence d'un comma ſe
484 2026 2158 3018 trouve entre la tierce mineure juſte & harmonique, & la
484 2026 2158 3018 tierce mineure altérée re fa, que nous avons remarqué dans
484 2026 2158 3018 Péchelle ( Mote m); car nous avons vù que cette tierce
484 2026 2158 3018 mineure alterée eſt dans le rapport de do à d1 avec la tierce
484 2026 2158 3018 ineure juſte.
515 2039 2114 2616 or difſere moins de lunité que ; donc lintervalle de
515 2039 2114 2616 re à mi eſt un peu moindre que celui de ut à re.
515 2039 2114 2616 Si on veut ſcavoir le rapport de à , on trouvera
515 2039 2114 2616 (Note d) que ceſt celui de 8 fois 10 à 9 fois 9, ceſt- à-
515 2039 2114 2616 dire de 8o à 81. Ainſi la différence du ton mineur au ton
515 2039 2114 2616 majeur eſt de 8o à 81; cette différence eſt ce que les Grecs
515 2039 2114 2616 t appellé comma. Elle eſt inſenſible à loreille, quoique
515 2039 2114 2616 reeIle.
522 2593 2128 3016 On peut remarquer que cette diſſérence d'un comma ſe
522 2593 2128 3016 trouve entre la tierce mineure juſte & harmonique, & la
522 2593 2128 3016 tierce mineure altérée re fa, que nous avons remarqué dans
522 2593 2128 3016 Péchelle (Mote m); car nous avons vù que cette tierce
522 2593 2128 3016 mineure alterée eſt dans le rapport de do à d1 avec la tierce
522 2593 2128 3016 ineure juſte.
