2303 3599
490 279 1609 366 TutotovE Er PArovE.
1749 293 1847 372 1
261 385 1840 468 ſon octave en montant ou en deſcendant.
265 485 1843 581 Ces deux ſons ſe confondent preſque entie-
263 579 1844 675 rement à l'oreille lorſqu'ils ſont entendus en-
259 671 1839 768 ſemble. On peut dailleurs ſe convaincre par
258 765 1842 862 deux faits très- ſimples de la facilité qu'on a
256 861 1364 952 à prendre l'un pour l'autre.
327 934 1847 1048 ſe ſuppoſe que lon veuille chanter un air,
261 1046 1844 1141 & quayant pris d'abord cet air ſur un ton
262 1140 1844 1235 trop haut ou trop has pour ſa voix, on ſoit
265 1234 1846 1329 oblige, pour ne point trop s'efforcer, de
269 1324 1847 1424 chanter lair dont il s'agit ſur un ton plus
269 1418 1852 1517 bas ou plus haut que le premier; je dis que
272 1513 1849 1606 ſans être Muſicien en aucune maniere, on
275 1603 1858 1704 prendra naturellement le nouveau ton à l'oc-
281 1698 1856 1796 tave en bas, ou à l'octave en haut du pre-
281 1793 1858 1888 mier; & que pour prendre ce nouveau ton
289 1886 1864 1982 à un autre intervalle que l'octave, il faut y
288 1978 1870 2052 faire attention. C'eſt un fait dont il eſt faci-
294 2074 1404 2164 le de saſſurer par lexpérience.
393 2161 1877 2258 Autre fait. Qu'une perſonne chante un ait
299 2258 1878 2355 en notre préſence, & le chante ſur un ton
305 2352 1880 2448 trop haut ou trop bas pour notre voix; ſi
306 2447 1885 2539 nous voulons chanter cet air avec elle, nous
314 2620 1890 2713 majeure d'un ſon quelconque eſt les de ce ſon. Il faue
314 2713 1891 2797 donc chercher une fraction qui exprime les de ; c eſt
316 2793 1894 2869 ce qui ſe fait en multipliant le haut & le bas des deux
321 2864 1895 2935 fractions l'un par lautre; d'où réſulte la nouvelle fraction
327 2926 1900 3017 . On trouvera de même que la quinte de la quinte eſt
318 3006 1704 3112 ⸗Parce que la quinte de la quinte eſt les de
1608 3088 1681 3176 B
