2303 3572
486 274 586 345 74
722 257 1850 341 ELEMENS DE MvsIQvE
491 366 2067 467 ſi re fa, tout compoſé de tierces mineu-
487 395 2064 558 trXaXXXX
491 553 2069 626 réunion des deux accords de la dominante
490 646 2067 723 & de la ſous-dominante dans le mode mi-
490 738 2061 830 neur. En effet, dans le mode mineur de la,
488 829 2079 928 par exemple, ces deux accords ſont mi ſol
492 923 2067 1022 ſi re, & re fa la ſi, dont la réunion don-
492 1015 2069 1115 ne mi, ſol , ſi, e, fa, la: or, ſi on laiſ-
490 1108 2069 1196 ſoit ſubſiſter ainſi cet accord, il ſeroit deſa-
491 1201 2068 1300 gréable à l'oreille, à cauſe des diſſonances
493 1292 2087 1390 multipliés e mi, mi fa, la ſol , la ſi, i
486 1388 2067 1481 ſol (Art. 18.); de ſorte que pour évi-
493 1477 2073 1569 ter cet inconvénient, on retranche d'abord
493 1572 2073 1669 le générateur la, qui (Cap. I.) eſt comme
494 1663 2077 1758 ſous-entendu dans ré, & la quinte ou domi-
494 1755 2073 1848 nante mi, dont la note ſenſible ſol X, eſt
494 1851 2076 1945 cenſée tenir la place; ainſi il ne reſte plus qus
493 1942 2076 2038 laccord ſol ſi re fa tout compoſé de tier-
492 2035 2077 2129 ces mineures, & dans lequel la dominante
493 2126 2077 2222 mi eſt regardée comme ſous-entendue: de
493 2220 2081 2315 maniere que cet accord ſol ſi r fa, repré-
494 2313 2078 2405 ſente laccord de dominante tonique mi ſol
486 2403 2082 2500 ſi ré, auquel on a joint laccord de ſous-do-
495 2496 2083 2592 minante re fa la ſi, mais dans lequel la do-
491 2590 2080 2684 minante mi eſt toûjours cenſée la note prin-
499 2685 827 2778 cipale.
564 2763 2080 2879 117. Done, puiſque de laccord mi ſol
486 2864 2078 2964 ſi e, on paſſe àfaccord parfait la ut mi la,
492 2959 2086 3063 & réciproquement; on peut de même paſſer
