2303 3527
529 246 1612 343 Tuonrovr Er PnAriovr.
1753 273 1858 359 39
292 356 1854 460 duction du mode de ſol dans la baſſe fonda-
294 456 1710 526 mentale.
396 546 1853 646 On voit auſſi que la valeur de la dans lé-
297 636 1850 734 chelle diatonique valeur ſ11
302 673 1854 832 XctXX—
304 821 1855 924 ment de la baſſe fondamentale, & quelle
307 912 1860 1013 ſera différente ſelon que ce la aura fa ou re
309 1003 1370 1104 pour baſſe. Voyez la note (9).
605 1279 1570 1368 CHAPITRE VII.
815 1447 1413 1543 Du temperament.
315 1615 1873 1788 LX XX
321 1711 1872 1784 Lſerver entre certains ſons de léchel-
321 1799 1873 1894 le diatonique, nous conduit naturellement
320 1894 1872 1986 à parler du tempérament. Pour en donner
322 1985 1875 2071 une idée nette, & en faire ſentir la néceſſi-
322 2075 1874 2169 té, ſuppoſons que l'on ait un inſtrument à
324 2167 1874 2260 touche, un clavecin, par exemple, compo-
327 2257 1877 2354 ſé de pluſieurs octaves ou gammes, dont
330 2349 1714 2420 chacune renferme ſes douze demi- tons.
466 1616 633 1788 L
421 2440 1880 2512 Prenons dans ce clavecin une des cordes
331 2531 1880 2629 qui rend le ſon T(Voyez F) & accordons
335 2678 1883 2751 la étant quinte du re, donne deux tierces alterées fa la & la
339 2744 1885 2811 ut, & une quinte auſſi altérée la mi, comme nous le ver-
338 2807 1887 2875 rons dans le Chapitre ſuivant. Ainſi il y a dans notre échel-
341 2872 1889 2990 eux intervalles de plus dalterés que dans léchelle des
400 2953 521 2994 rec.
1479 2998 1651 3093 Cüij
