2303 3518
476 237 569 303 40
706 221 1782 309 ELEMEN DE MsI0VE
470 330 2022 425 la corde SOL à la quinte parfaitement juſte
473 420 2021 505 'T en montant; accordons enſuite à la
474 512 2023 609 quinte juſte de ce dernier SOL le RE qui
472 602 2018 698 eſt au-deſſus, il eſt évident que ce RE ſera
471 692 2016 791 dans la gamme au- deſſus de celle d'où l'on
470 784 2014 880 eſt parti: mais il eſt évident auſſi que ce RE
463 875 2013 973 aura dans la gamme d'où l'on eſt parti, un
465 966 2011 1061 é qui lui répond & qu'il faudra accorder à
464 991 2009 1153 rtt:
465 1148 2007 1312 XXtXtteX
461 1240 2002 1339 miere gamme ſera la quarte juſte au-deſſous
459 1326 2002 1426 du SOLde cette même gamme. On accor-
456 1416 2000 1519 dera enſuite le ſon LA de la premiere gam-
452 1512 1996 1609 me à la quinte juſte de ce dernier , puis
443 1536 1998 1701 iMeXXXXXX
448 1691 1993 1788 te juſte de ce nouveau LA, & par conſé-
447 1783 1990 1883 quent le mi de la premiere gamme à la quar-
451 1872 1988 1959 te juſte au-deſſous de ce même LA: cela
444 1959 1986 2057 fait, on trouvera que le dernier mi, ainſi
447 2054 1985 2149 accordé, ne fera pas la tierce majeure du
445 2142 1983 2243 ſon T(ſ); c'eſt-à dire, quil eſt impoſſible
438 2236 1982 2330 que mi puiſſe faire en même tems la tierce
509 2374 1976 2468 (/) Le LA conſideré comme quinte du re eſt Z, &
433 2452 1976 2550 la quarte au- deſſous de ce LA eſt les 3 de, ceſt à-
433 2545 1971 2632 dire: donc ſera la valeur de mi conſideré comme
433 2630 1975 2696 quarte juſte de LA, en deſcendant: or mi, conſideré com-
431 2694 1969 2776 me tierce majeure du ſon &VT, eſt ou Z: donc ces deux
430 2774 1969 2850 mi ſont entr ęux dans le rapport de 81 à 8o; ainſi il eſt im-
430 2838 1966 2940 poſible que mi loit à la- fois la tierce majeure juſte d T,
430 2900 1955 2981 k la quarte juſte au - deſlous de LA.
