2303 3549
543 243 1644 334 TuronQE Er PRArIovE.
1782 273 1870 351 23
305 351 1868 456 ſonne avec re, par la premiere expérience,
306 444 1870 545 (Art. 20): par conſéquent en paſſant d'ut
306 537 1867 633 à re, ou de re à ut, on paſſe néceſſairement
301 625 1866 735 de ut à la, ou de la à ut. Or ce dernier paſ-
301 718 1866 823 ſage eſt contre les regles indiquées par la na-
301 815 1864 898 ture; car la étant conſidéré dans la ſuite des
299 906 1866 1006 quintes comme quinte de ré, & par conſé-
298 999 1860 1152 :r e ::
299 1090 1861 1177 Cauroit faire avec ut une tierce mineure
297 1178 1859 1279 juſte & harmonique: ceſt dequoi tous les
295 1269 1862 1373 Muſiciens conviennent, & on peut le dé-
295 1365 1861 1461 montrer aiſément (g). Ainſi les ſons ut & la
292 1518 1858 1599 (g) Suppoſons que le ſon ut ſoit appellé 1, ſa quinte
290 1586 1857 1665 ſol ſera , la quinte re de cette quinte ſera 2, & la quinte
418 1641 1490 1692 , J575
294 1671 1860 1756 de re, c eſt- à- dire la, fera : ce re & ce la ſe trouveront
290 1753 1859 1816 dans la ſeconde octave au- deſſus d'ut. Donc la double oc-
293 1819 1857 1896 tave au- deſſous de ce la, devroit naturellement être la tier-
290 1886 1857 1952 ce mineure au- deſſous d'ut, comme on le verra aiſément
291 1950 843 2016 par cette figure
776 2071 1376 2108 3 9 27
550 2088 1784 2156 12.
528 2173 1629 2237 ut, ſol, ut, re, la, ut.
468 2260 1635 2299 a a u eumn m nt
840 2286 1636 2322 m mg
578 2340 1539 2394 Premiere Octave. Seconde Octave.
286 2487 1849 2563 où lon voit au deſſus de chaque ſon ſa valeur numérique.
350 2555 1841 2644 Cela poſé, la double octave au- deſſous de la eſt Z
289 2638 1847 2724 (Note c), parce quil faut diviſer par 4 la fraction ?: donc
287 2722 1845 2806 la tierce mineure de la à ut ſera ?Z; or la tierce mineure
294 2803 1848 2887 harmonique au- deſſous d'ut, eſt (Moie d): donc pour com-
290 2888 1851 2953 parer la tierce mineure la ut avec la tierce mineure harmo-
289 2954 1854 3039 nique, il faut comparer enſemble les intervalles &
292 1518 1858 1599 (g) Suppoſons que le ſon ut ſoit appellé 1, ſa quinte
290 1586 1857 1681 ſol ſera Z, la quinte re de cette quinte ſera , & la quinte
294 1671 1860 1756 de re, ceſt- à-dire la, fera : ce re & ce la ſe trouveront
290 1753 1859 1816 dans la ſeconde octave au- deſſus d'ut. Donc la double oc-
293 1819 1857 1882 tave au-deſſous de ce la, devroit naturellement être la tier-
290 1886 1857 1952 ce mineure au- deſſous d'ut, comme on le verra aiſément
291 1950 843 2016 par cette figure
776 2071 1376 2108 3 9 27
550 2088 1784 2156 12.
528 2173 1629 2237 ut, ſol, ut, re, la, ut.
468 2260 1635 2299 a a u eumn m nt
840 2286 1636 2322 m mg
578 2340 1539 2394 Premiere Octave. Seconde Octave.
286 2487 1849 2564 où lon voit au- deſſus de chaque ſon ſa valeur numérique
350 2556 1841 2644 Cela poſé, la double octave au- deſlous de la eſt Z
289 2638 1847 2724 (Note c), parce quil faut diviſer par 4 la fraction ?: donc
287 2722 1845 2806 la tierce mineure de la à ut ſera ?Z; or la tierce mineure
294 2803 1848 2887 harmonique au- deſſous d'ut, eſt (Moie d): donc pour com-
290 2888 1851 2953 parer la tierce mineure la ut avec la tierce mineure harmo-
289 2954 1854 3039 nique, il faut comparer enſemble les intervalles &
1455 3036 1613 3131 Biij
