2303 3469
486 232 577 287 12
724 214 1800 301 E1EMENSDE MusIQEE
593 477 1960 605 LIVRE PREMIER,
492 666 2031 771 Qui contient la thieorie de lHarmonie.
646 932 1868 1007 CHAPITRE PREMIER.
539 1074 1982 1170 Experiences preliminaires & fondamentales.
690 1229 1843 1315 PREMIERE ExPERIENCE.
509 1385 2037 1553 MeRtt
763 1478 2045 1571 entend, outre le ſon principal & ſon
513 1565 2040 1662 octave, deux autres ſons très-aigus, dont l'un
513 1654 2039 1751 eſt la douziéme au-deſſus du ſon principal,
511 1745 2039 1840 ceſt à-dire, loctave de la quinte de ce ſon;
514 1834 2042 1930 & lautre eſt la dix-ſeptiéme majeure au-
512 1922 2043 2015 deſſus de ce même ſon, ceſt- à-dire, la dou-
517 2012 1639 2100 ble octave de ſa tierce majeure.
643 1390 736 1553 S
612 2105 2047 2201 21. Cette axpérience eſt principalement
517 2192 2043 2287 ſenſible ſur les groſſes cordes d'un violoncelle,
518 2280 2054 2384 dont le ſon étant fort grave, laiſſe diſtinguer
519 2369 2051 2469 aſſez facilement à une oreille tant ſoit peu
525 2463 2049 2562 exercée, la douziéme & la dix-ſeptieme
521 2547 1588 2646 dont il sagit. (c)
591 2703 2056 2775 (c) Puiſque loctave an deſſus du ſon eſt 2, loctave
528 2767 2056 2853 au-deſſous de ce meme ſon ſera ; ceſt-à-dire, que la
530 2848 2061 2925 corde qui donnera cette octave, fera une demi-vibration
