2303 3553
472 250 1562 336 TxoRQvE Er PnArIvE.
1701 264 1799 350 49
330 362 1794 461 Par cette pratique tous les douze ſons qui
234 457 1791 550 eompoſent une des gammes ſeront accordés;
233 548 1792 643 il ny aura plus qu'à accorder parfaitement
234 639 1790 736 juſtes leurs octaves dans les autres gammes,
234 731 1728 803 & le clavecin ſera bien d accord.
327 824 1793 919 Nous avons donné cette regle pour le tem-
229 916 1793 1010 pérament, d'après M. Rameau, & ceſt
230 1006 1794 1103 aux Artiſtes deſintéreſſés à en juger. Quoi
234 1099 1793 1195 qu'il en ſoit, & quelque eſpece de tempé-
232 1191 1790 1285 rament qu'on adopte, les altérations qu'il
233 1218 1794 1376 iXX X XXX
232 1374 1795 1472 ou point ſenſibles à loreille, qui uniquement
235 1521 1801 1602 neſt pas parfaitement ſemblable à la gamme ou échelle
234 1588 1553 1656 diatonique du mode de mi,
434 1690 1590 1768 mi, fa X, ſol X, a, ſ, ut ; re , mi:
233 1791 1800 1859 ce qui rend, ſelon eux, le mode d'ut & le mode de mi
235 1857 1801 1925 propres à des expreſſions différentes. Mais après tout ce
234 1922 1799 1989 que nous avons dit dans cet ouvrage ſur la formation du
234 1988 1801 2053 genre diatonique, on doit être convaincu que, ſuivant
232 2052 1803 2117 lintention de la nature, léchelle diatonique doit être par-
232 2116 1799 2180 faitement la u. ème dans tous les modes; lopinion contraire,
232 2176 1800 2248 dit M. Rameau, eſt un préjugé de Muſicien. Le caractere
234 2244 1802 2314 d un air vient principalement de l'entrelacement des mo-
236 2309 1803 2426 eaee aXe:
235 2374 1803 2443 moins grave, plus ou moins fort qu'on aſſigne au ſon prin
235 2440 1801 2510 cipal ou générateur du mode, & des dordes plus ou moins
236 2507 1590 2576 belles, plus ou moins ſourdes qui sy rencontrent.
326 2569 1802 2635 E f1dee a a tage de notre temperament
235 2590 1803 2705 kr.XXXiXX:
236 2697 1799 2769 celui que lon pratique ſur les inſtrumens ſans touche,
236 2761 1798 2829 comme la viole & le violon, où l'on préfere la juſteſſe
238 2826 1800 2897 des quintes & des quartes à celle des tierces & des ſixtes;
237 2894 1800 2963 tmame q oit contradictoire à celui quon ob-
243 2916 1113 3020 XRXX tXX
235 1521 1801 1602 neſt pas parfaitement ſemblable à la gamme ou échelle
234 1588 1553 1656 diatonique du mode de mi,
434 1690 1590 1768 mi, fa X, ſol X, a, ſ, ut ; re , mi:
233 1791 1800 1859 ce qui rend, ſelon eux, le mode d'ut & le mode de mi
235 1857 1801 1925 propres à des expreſſions différentes. Mais après tout ce
234 1922 1799 1989 que nous avons dit dans cet ouvrage ſur la formation du
234 1988 1801 2053 genre diatonique, on doit être convaincu que, ſuivant
232 2052 1803 2117 lintention de la nature, léchelle diatonique doit être par-
232 2116 1799 2180 faitement la u. ème dans tous les modes; lopinion contraire,
232 2176 1800 2248 dit M. Rameau, eſt un préjugé de Muſicien. Le caractere
234 2244 1802 2314 d un air vient principalement de l'entrelacement des mo-
236 2309 1803 2426 eaee aXe:
235 2374 1803 2443 moins grave, plus ou moins fort qu'on aſſigne au ſon prin
235 2440 1801 2510 cipal ou générateur du mode, & des dordes plus ou moins
236 2507 1590 2576 belles, plus ou moins ſourdes qui sy rencontrent.
326 2569 1802 2635 E flde'e a a tage de notre temperament
235 2590 1803 2705 kr.XXXiXX:
236 2697 1799 2769 celui que lon pratique ſur les inſtrumens ſans touche,
236 2761 1798 2829 comme la viole & le violon, où l'on préfere la juſteſſe
238 2826 1800 2897 des quintes & des quartes à celle des tierces & des ſixtes;
237 2894 1800 2963 tmame q oit contradictoire à celui quon ob-
243 2916 1113 3020 XRXX tXX
1472 3003 1569 3104 D
