2303 3606
465 248 1579 337 Tuxonrour Er PnArtovE.
1723 269 1821 346 3
244 364 1821 461 48. De plus, cette échelle diatonique ne
225 457 1809 554 renferme que ſept ſons, & ne va pas juſ-
226 551 1812 648 qu'au ſi en haut, qui ſeroit loctave du pre-
223 646 1811 741 mier: nouvelle ſingularité dont on peut ren-
222 739 1809 835 dre raiſon par les principes établis ci- deſſus.
223 826 1805 930 En effet, pour que le ſon ſi ſuccédât immé-
221 926 1808 1015 diatement dans léchelle au ſon la, il fau-
223 1019 1814 1117 droit que le ſon ſol, qui eſt le ſeul d'où ſi
225 1114 1809 1210 puiſſe être tiré, ſuccédât immédiatement
222 1207 1811 1307 dans la baſſe fondamentale au ſon fa, qui
225 1300 1813 1397 eſt le ſeul d'ou la puiſſe être tiré. Or la ſuc-
225 1394 1812 1493 ceſſion diatonique de fa à ſol ne peut avoir
224 1489 1815 1580 lieu dans la baſſe fondamentale, ſuivant ce
226 1583 1818 1680 qu'on a démontré dans le Chapitre III. Art.
225 1677 1817 1774 36. Done les ſons la & ſi ne ſcauroient ſe
227 1771 1817 1843 ſuccéder immédiatement dans l'échelle: nous
229 1865 1812 1963 verrons dans la ſuite pourquoi cela n eſt pas
227 1960 1809 2056 ainſi dans la gamme ut, ré, mi, fa, ſol, la,
221 2051 1813 2148 ſi, T, qui commence par ut; au lieu que
230 2144 1816 2234 léchelle dont il s'agit ici commence par ſi.
330 2222 1813 2333 49. Auſſi les Grees, pour former loctave
226 2332 1821 2429 entiere, ajoùtoient au-deſſous du premier ſi,
229 2428 1816 2525 le ſon la, qu'ils diſtinguoient & ſéparoient
228 2521 1815 2617 du reſte de léchelle, & qu'ils appelloient
230 2612 1818 2716 par cette raiſon proſlambanomene, c'eſt à-
230 2706 1821 2808 dire corde ou ſon ſur-ajolté au-devant de lé-
232 2806 478 2880 chelle.
233 2892 1823 3004 5o. Léchelle diatonique ſi, ut, e, mi,
221 2993 1821 3095 fa, ſol, la, eſt compoſée de deux tétracor-
