2303 3579
504 269 607 365 ʒ8
750 257 1852 343 E1EMENSDE MvsI0vE
517 367 2093 468 ut, n'eſt nullement analogue au mode ma-
518 395 2093 568 Xrr X
517 552 2089 635 abandonnons enſuite nous · mêmes ce mode
506 646 2090 755 fl ur y ſubſtituer celui de la, la
521 679 1751 835 etXXXX—
547 814 2097 933 Voici la réponſe à ces deux obſervations.
520 923 2092 1022 1ꝰ. Le mode mineur de fa n'eſt pas ſi étran-
521 1015 2095 1186 XEiRctir
522 1109 2097 1212 ẽſt très - poſſible de faire ſuivre immédiate-
522 1202 2101 1307 ment, & agréablement pour l'oreille, deux airs
520 1293 2102 1398 dont lun appartienne au mode majeur d'u,
522 1389 2102 1485 Tautre au mode mineur de fa. M. Rameau
524 1479 2101 1562 la exécuté dans la belle Sarabande de Pig-
522 1504 2102 1674 zr i e e 5
524 1665 2106 1767 nature ne fait que nous indiquer le mode mi-
524 1757 2104 1855 n ar le f émiſſement des cordes fa & la h
526 1794 2106 1954 XXXXX:
526 1944 2105 2034 niere dont ces cordes frémiſſent, elle nous
525 2037 2104 2137 ramene, autant qu'il eſt poſſible, au ſon ut,
527 2128 2109 2224 comme nvus lavons déjà obſervé; de ſorte
527 2222 2111 2324 qu'elle nous force, pour ainſi dire, à donner
532 2315 2114 2411 u dans le nouveau mode, la place de tier-
531 2408 2114 2507 ce mineure, qui eſt la principale de toutes
525 2508 2067 2601 celles qu'il y peut occuper.
627 2589 2113 2690 84. Dans tout mode majeur ou mineur, le
534 2688 2115 2788 ſon principal portant l accord parfait majeur
535 2776 2115 2880 ou mineur, eſt appellè tonique; ainſi ut eſt toni-
538 2871 2125 2975 que dans le mode d'ut, la dans celui de la, &c.
