2303 3542
504 265 1598 363 Tuxonrovr vr Prrovr.
1742 284 1845 378 5
277 375 1846 480 & comme le repos abſolu ſol ut, terminé
274 475 1844 575 par le générateur ut, eſt le plus parfait de
278 565 1842 669 tous dans la baſſe fondamentale, le repos de
266 655 1840 760 ſi à ut, qui lui répond dans la gamme, &
275 749 1835 851 qui eſt auſſi terminé par le générateur,
274 839 1836 945 eſt par cette raiſon le plus parfait de tous
274 930 1810 1024 dans lordre diatonique en montant.
371 1017 1834 1124 77. Ceſt donc une loi dictée par la nature
263 1116 1833 1213 même, que quand on veut monter diatoni-
273 1211 1832 1326 quement au générateur d'un mode, on ne le
271 1302 1834 1401 peut que par le moyen de la tierce majeure
270 1391 1830 1490 de la quinte de ce générateur. Cette tierce
261 1485 1830 1584 majeure qui forme avec le générateur un
270 1573 1832 1674 demi-ton, a été par cette raiſon appellée no-
265 1666 1844 1770 re ſenſible, comme annoncant le générateur,
258 1758 1833 1855 & préparant le plus parfait de tous les repos.
367 1845 1826 1950 Nous avons déjà prouvé que la baſſe fon-
270 1938 1827 2038 damentale eſt le principe de la mélodie. Nous
264 2031 1828 2129 ferons encore voir dans la ſuite, que leffet
272 2122 1826 2232 du repos dans la mélodie vient uniquement
258 2214 1755 2296 de la baſſe fondamentale.
