2303 3554
533 281 625 356 32
764 252 1855 337 E1.EMENS DE MSs1vE
534 360 2101 458 des, c'eſt-à- dire de deux échelles diatoni-
540 456 2100 554 q d atre ſons chacune ſi ut re mi
547 488 2108 647 ei r ri ci Er:
547 637 2107 744 parfaitement ſemblables; car du mi au fa,
550 729 2115 834 il y a même intervalle que du ſi à lut; du
540 820 2127 929 fa au ſol, le même que de lut au ré; du ſol
558 914 2119 1011 au la, le même que du re au m (n); voilà
561 1006 2121 1110 pourquoi les Grecs diſtinguoient ces deux
565 1100 2126 1195 tétracordes, & les joignoient cependant par
569 1191 2128 1288 le ſon mi, qui leur eſt commun, ce qui leur
567 1284 2132 1363 a fait donner le nom de tetracordes conjoints.
671 1362 2131 1476 51. De plus, les intervalles de deux ſon
570 1466 2134 1630 eXXX
570 1557 2137 1661 en particulier, ſont parfaitement juſtes: ainſi
571 1652 2141 1750 dans le premier tétracorde les intervalles ut
573 1747 2138 1844 mi & ſi ré, ſont des tierces, l'una majeure,
577 1835 2143 1931 lautre mineure, parfaitement juſtes, auſſi-
582 1928 2145 2026 bien que la quarte ſi mi (o); il en eſt de
586 2020 2147 2115 même dans le tétracorde mi, fa, ſol, la,
661 2202 2154 2284 n) Le rapport du ſi à lut eſt de à1, ceſt-à dire de
603 2290 2157 2374 15 à 16; celui du mi au ſa eſt de à , ceſt- à · dire ( Mo-
600 2374 2157 2443 te d) de 5 fois 3 à 4 fois 4, ou de 15 à 16: donc ces deux
598 2440 2160 2512 rapports ſont égaux. De même le rapport de ut à e eſt ce-
599 2505 2160 2588 lui de 1 à? ou de 8 à 9: celui de fa à ſol eſt de à
600 2585 2163 2655 ceſt- à- dire (Note d) de 8 à 9. Le rapport de mi à ut eſt
603 2652 2166 2739 de à 1ou de 5 à 4; celui de la à fa eſt de à , ceſt-
606 2734 1329 2804 à-dire de 5 à 4: donc, &c.
676 2802 2168 2889 (o) Lintervalle de mi à ut eſt de à 1ou de 5 à 4, tier-
594 2886 2168 2969 ce majeure juſte; celui de re à eſt de? à , ceſt à · dire
606 2969 2170 3039 de 9 fois 16 à 15 fois 8, ou de 9 fois 2 à 15,ou de 6 à 5,
661 2202 2154 2284 (n) Le rapport du à lut eſt de à1, ceſt- à dire de
602 2290 2157 2374 15 à 16; celui du mi au ſa eſt de à , ceſt- à · dire (Mo-
598 2374 2157 2443 te d) de fois 3 à 4 fois 4, ou de 15 à 16: donc ces deux
598 2440 2160 2512 rapports ſont égaux. De même le rapport de ut à e eſt ce-
599 2505 2160 2588 lui de 1 à? ou de 8 à 9: celui de fa à ſol eſt de à
600 2585 2163 2655 ceſt- à- dire (Note d) de 8 à 9. Le rapport de mi à ut eſt
603 2652 2166 2739 de à 1ou de 5 à 4; celui de la à fa eſt de à , ceſt-
606 2734 1329 2793 à-dire de à a: donc. cc.
676 2794 2168 2889 (o) Lintervalle de mi à ut eſt de à 1 ou de5 à 4, tier-
609 2886 2168 2969 ce majeure juſte; celui de re à eſt de à , ceſt à- dire
606 2969 2170 3039 de 9 fois 16 à 15 fois 8, ou de 9 fois 2 à 15,ou de 6 à 5,
