2303 3513
644 210 1813 338 E1EMENS DE MvsIVE
416 342 2060 566 demi, comme ut fa, ou ſol ut, sappelle
416 342 2060 566 qua/te.
392 531 2088 851 Un intervalle compoſé de trois tons,
392 531 2088 851 comme fa ſi, sappelle triton ou quarte ſu-
392 531 2088 851 pelue.
414 793 2046 1098 Un intervalle compoſé de trois tons & de-
414 793 2046 1098 mi, comme ut ſol, ou fa ut, ou ré la, ou
414 793 2046 1098 mi ſi, &c. s'appelle quinte.
466 1081 2074 1383 Un intervalle compoſé de trois tons &
466 1081 2074 1383 de deux demi-tons, comme mi T, sap-
466 1081 2074 1383 pelle ſixte mineure.
436 1355 2054 1643 Un intervalle compoſé de quatre tons &
436 1355 2054 1643 un demi-ton, comme ut la, Sappelle ſixte
436 1355 2054 1643 M /eure.
460 1607 2109 1935 Un intervalle compoſé de quatre tons &
460 1607 2109 1935 deux demi-tons, comme re T, sappelle
460 1607 2109 1935 ſeptieme mineure.
470 1894 2076 2232 Un intervalle compoſé de cinq tons &
470 1894 2076 2232 demi, comme ut ſi, sappelle ſepuéme ma-
470 1894 2076 2232 jeure.
482 2170 2062 2518 Enfin, un intervalle compoſé de cinq tons
482 2170 2062 2518 & deux demi-tons, comme ut T, eſt ap-
482 2170 2062 2518 pellé octave.
479 2414 2143 2829 1o. Deux ſons également aigus, ou égale-
479 2414 2143 2829 ment graves, quelque inégalité qu'il y ait
479 2414 2143 2829 d ailleurs dans leur force, ſont dits à l'unſſon
479 2414 2143 2829 Pun de l'autre.
499 2794 2093 3019 11. Quand deux ſons forment entr'eux un
499 2794 2093 3019 intervalle quelconque, on dit que le plus ai-
