2303 3582
464 300 566 372 66
714 280 1809 366 ELEMENS DE Ms1QvE
695 590 1838 681 CHAPITRE XII.
658 764 1870 868 Du double emploi de la diſſonance.
476 933 2058 1133 IeXX
515 1028 2062 1125 ſons avec leurs octaves, que l'accord
470 1122 2065 1244 fa, la, ut, re eſt au fond le même que l'ac-
485 1211 2063 1326 cord re, fa, la, ut, & que cet accord re, fa,
488 1312 2068 1418 la, ut, n'eſt lui- même, pris à rebours, que
486 1399 2067 1499 laccord renverſé ut, la, fa, e, qui a été
490 1495 2071 1598 trouvé (Art. 98.) en deſcendant par tierces
490 1603 1337 1710 depuis le génerateur ut.
657 959 737 1133 J
584 1677 2076 1780 101. Laecord re, fa, la, ut eſt un accord
495 1773 2073 1886 de ſeptiéme ſemblable à laccord ſol, ſi, r,
489 1868 2080 1983 fa; avec cette ſeule différence que dans ce-
500 1961 2079 2063 lui-ci la tierce ſol ſi eſt majeure, au lieu que
499 2052 2085 2151 dans le ſecond la tierce re fa eſt mineure. Si
501 2147 2083 2259 le fa étoit diéze, laccord re, fa . a, ut,
507 2236 2087 2328 ſeroit un vrai accord de dominante ſemhlable
509 2329 2086 2436 à laccord ſol, ſi, e, fa; & comme la do-
510 2419 2092 2531 minante ſol peut deſcendre à ut dans la baſſe
513 2516 2094 2615 fondamentale, la dominante ré portant la
514 2605 2098 2718 tierce majeure fa ), pourroit de même deſ-
517 2717 958 2796 cendre à ſol.
625 2791 2097 2899 102. Or je dis que ſi on change le fa
520 2888 2097 2997 en fa naturel, la note fondamentale re de cet
518 2980 2106 3088 accord re, fa, la, ut pourra toûjours deſcen
