2303 3566
429 295 539 371 y0
666 263 1764 346 EMENSD MvsIOVE
437 365 2020 479 Paccord fa la ut re; & re, l'accord r ſa
440 462 2014 569 la ut. Il eſt clair par ce qui a été dit dans le
444 558 2015 667 Chapitre précédent, que ut peut dans ce cas
445 649 2014 748 monter à e dans la haſſe ſondamentale, &
443 740 2018 846 re deſcendre à ſol, & que limpreſſion du
449 834 2018 937 mode d'ut eſt conſervée par le fa naturel qu
447 926 2019 1025 forme la tierce mineure re fa, au lieu de la
446 1026 2022 1125 majeure, que re devroit naturellement porter.
556 1108 2018 1213 107. Cette haſſe fondamentale donnera,
452 1208 2025 1312 comme il eſt évident, léchelle diatonique
450 1314 817 1397 ordinaire,
451 1417 1839 1533 u,, mi, a, l, a, , T,
450 1538 2030 1710 Xtrte:
450 1635 2032 1730 d'ut, & ſi on vouloit que le ſecond tétracor-
450 1725 2035 1820 de fùt dans le mode de ſol, il faudroit ſubſti-
450 1818 2035 1927 tuer le fa au fa naturel, dans lharmo-
459 1919 1275 1998 nie de re.
569 2003 2041 2104 108. Ainſi le générateur ut peut être ſuivi
463 2097 2039 2193 à volonté en montant diatoniquement d'une
462 2192 2041 2315 dominante tonique (e, fa , la, ut), ou
465 2283 1942 2370 d une ſimple dominante (e, fa, la, ut).
572 2376 2044 2475 109. Dans le mode mineur de la, la do-
445 2468 2047 2566 minante tonique mi doit toûjours porter la
468 2559 2048 2659 tierce majeure mi ſol , lorſque cette domi-
471 2657 2041 2744 nante mi deſcend au générateur la (At. 77)3
473 2684 2046 2836 X5X
455 2837 2045 2949 ſi ré, en tout ſemblable à ſol ſi re fa: à lé-
470 2931 2047 3049 gatd de la ſous-doinante re, elle portera
