2303 3560
443 280 1570 372 Tutoniov E PAriovE.
1699 301 1804 381 95
252 397 1797 494 Ce genre eſt appellé cromatique enarmo-
235 487 1795 585 nique, parce que deux demi-tons mineurs de
235 574 1794 677 ſuite forment un ton trop foible d'un quart
236 673 1011 741 de ton enharmonique.
341 765 1797 860 149. Ces nouveaux genres confirment ce
235 859 1798 1019 Xxtt:5i
293 951 1803 1040 e lharmonie, & de la mélodie, réſide dans
247 1043 1448 1096 2 ſſ fnarmmntalo
349 1135 1812 1296 EX:
246 1227 1809 1323 ble, parce que la baſſe fondamentale qui le
250 1319 1810 1416 produit eſt formée de la ſeule progreſſion des
250 1412 1813 1496 quintes, qui eſt la plus naturelle de toutes.
360 1504 1815 1663 XtXiXX5X
253 1594 1814 1754 greſſion des tierces eſt le plus naturel après
282 1687 1147 1767 e précédent.
357 1778 1823 1877 152. Enfin, l'enharmonique eſt le moins
235 1871 1823 1968 agréable de tous, parce que la baſſe fonda-
257 1964 1823 2058 mentale qui le donne, n'eſt point immédia-
259 2056 1822 2147 tement indiquée par la nature. Le quart de
259 2146 1820 2242 ton qui conſtitue ce genre, & qui eſt par
261 2239 1821 2332 lui- même inapprétiable à l'oreille, ne pro-
257 2329 1823 2424 duit & ne peut produire d'effet qu'autant
264 2421 1824 2517 qu'on y ſous-entend la baſſe fondamentale
266 2512 1826 2608 qui la donne, baſſe dont la progreſſion n'eſt
267 2605 1825 2700 nullement naturelle, puiſqu'elle eſt formée
268 2749 1828 2849 de la baſſe eſt , & ut X eſt les de ou : donc le
267 2848 1830 2934 mi X eſt les de : donc le mi de léchele eſt encore
272 2932 1830 3007 au mi qui le ſuit, comme 24 à 25: donc tous les demi-
256 2995 1718 3064 tons ſont uneurs dans cette échelle.
