2303 3566
435 278 1529 368 Tuonov 1r PRrtou.
1682 308 1786 384 95
201 395 1779 499 ny a qu'à examiner les différentes baſſes
200 489 1777 590 qu'on peut donner à ce chant très- ſimple,
200 585 1779 686 ſol ut, on en trouvera un très- grand nom-
202 675 1777 768 bre, & chacune de ces différentes baſſes don-
204 769 1777 864 nera un caractere différent au · chant ſol ut,
206 862 1786 960 quoique ce chant demeure toujours le mê-
207 957 1782 1053 me; de maniere qu'on change toute la na-
209 1048 1782 1135 ture & tout l'effet d'un chant, en ſe conten-
211 1141 1595 1234 tant de changer ſa baſſe fondamentale.
292 1240 1792 1331 M. Rameau a fait voir dans ſon nouνeau ſſ-
215 1326 1787 1423 téme de Muſique, age 44, Paris 1726, que
216 1421 1791 1518 ce chant ſol ut, peut avoir vingt haſſes fonda-
217 1511 1794 1585 mentales différentes. Or une même baſſe fon-
217 1605 1795 1692 damentale, comme on le verra dans la ſecon-
219 1696 1797 1791 de Partie, fournit pluſieurs baſſes continues.
226 1790 1800 1885 Que de moyens par conſéquent de varier
222 1866 1319 1979 lexpreſſion du meme chant!
410 2027 1621 2111 REMARQVE GENERALE.
332 2172 1809 2269 Léchelle diatonique ou gamme étant com-
225 2266 1810 2368 poſée de douze demi-tons, il eſt viſible que
237 2357 1812 2457 chacun de ces demi-tons en particulier peut
235 2451 1815 2547 être le générateur d'un mode, & qu'ainſi il
238 2544 1816 2649 ya vingt-quatre modes en tout, douze ma-
239 2636 1815 2737 jeurs & douze mineurs. Nous avons pris le
244 2728 1822 2829 mode majeur d'ut pour repréſenter en géné-
249 2820 1825 2913 ral tous les modes majeurs, & le mode mi-
255 2914 1826 3009 ieur de la pour reprèſenter les mineurs, afin
262 3007 1835 3096 déviter lembarras des diézes & des bemols
