2303 3537
466 256 1550 341 TuooIovu Er PnArIovE.
1683 264 1782 351 7
556 411 1444 506 ut mi ſol ut, re fa la ut,
230 545 1286 621 ou deſcende de tierce comme
554 673 1473 782 ut mi ſol ut, la ut mi ſol,
235 820 1309 913 ou deſcende de quinte comme
555 961 1465 1058 ut mi ſol ut, fa la ut mi:
235 1093 1797 1189 dans tout autre cas la diſſonance ne ſera point
237 1184 1792 1279 préparée. C'eſt dequoi on peut saſſurer fa-
236 1276 1792 1370 cilement. Si, par exemple, la baſſe fonda-
238 1368 1800 1461 mentale monte de tierce, comme ut mi ſol
238 1457 1799 1547 ut, mi ſol ſi re, la diſſonance re ne ſe trouve
238 1549 1799 1645 point dans laccord ut mi ſol ut. Il en eſt de
239 1640 1798 1736 même de ut mi ſol ut, ſol ſi re fa, & de ut
238 1730 1798 1827 mi ſol ut, ſi re fa la, dans leſquels la baſſs
239 1824 1797 1918 fondamentale monte de quinte, ou deſcend
237 1917 1790 1987 de ſeconde.
343 2007 1795 2099 124. Au reſte, lorſqu'une tonique, c'eſt-
242 2099 1784 2190 à- dire une note qui porte l'accord parfait,
237 2188 1788 2280 eſt ſuivie d'une dominante par l'intervalle de
237 2281 1789 2376 quinte ou de tierce, on peut regarder cette
238 2371 1788 2445 marche comme une marche de cette même
239 2465 1792 2558 tonique à une autre tonique, que l'on a ren-
225 2554 1766 2644 du dominante en y ajoûtant la diſſonance.
261 2636 1791 2739 De plus, nous avons vû (Art. 119 220.)
238 2737 1798 2833 que la diſſonance n'a pas beſoin d'être pré-
243 2828 1794 2926 parée dans les accords de dominante toni-
237 2920 1804 3022 que, & de ſous · dominante; d où il s enſuit:
