2303 3561
537 223 638 297 90
753 193 1873 279 ELEMENSDE MvsI0vE
531 301 2115 405 mi-ton mineur. Donc (Art. 244.) il s'en faut
542 399 2117 494 un quart · de ton enharmonique, que la tierce
541 492 1674 585 mineure fa ſol X ne ſoit juſte.
545 583 2118 680 2. Mais comme ce quart de ton eſt incon-
543 677 2115 842 XXicXXXt.2—
542 768 2119 867 loreille, loreille prend les trois differens ac-
544 864 777 954 cords,
813 1010 1698 1109 e 4X,
552 1102 1996 1199 4a oa Xo ,
802 1195 1544 1291 a ⸗ Xſ ,
544 1339 2123 1438 qui ne ſont que le même, pour des accords
545 1433 2119 1524 compoſés chacun de tierces mineures juſtes.
638 1523 2118 1624 Or laccord ſol X ſi r fa, appartenant
542 1619 2121 1712 au mode mineur de la, où ſol eſt la note
544 1708 2121 1807 ſenſible; accord ſi r fa ſol X, ou ſi re fa
544 1803 2119 1899 la h, appartiendra par la même raiſon au
544 1893 2119 1990 mode mineur d'ut, où ſi eſt la note ſenſible.
543 1986 2122 2082 De même laccord re fa ſol ſi, appar-
546 2077 2118 2172 tiendra au mode mineur de mi, & laccord
531 2169 2118 2267 fa ſol ſi re, au mode mineur de ſol .
621 2264 2119 2361 Donc après avoir paſſé par le mode de la à
547 2357 2122 2455 Taccord ſol X ſi re fa (Article 127.), on
544 2448 2122 2545 peut, au moyen de ce dernier accord, &
545 2543 2124 2639 en ſe contentant ſimplement de le renver-
547 2637 2122 2730 ſer, paſſer enſuite tout d'un coup aux mo-
548 2725 2122 2821 des d'ut mineur, ou de mi mineur, ou ds
538 2816 2115 2918 ſol mineur, c'eſt-à · dire dans des modes
550 2914 2121 3010 qui nont rien ou preſque rien de commun
