2303 3572
448 241 1589 375 Tuxonrovr r PrIovx.
1720 266 1856 375 25
248 372 1859 842 ceſt- àdire que dans une baſſe fondamentale
248 372 1859 842 on ne ſcauroit faire ſuccéder diatoniquement
248 372 1859 842 deux ſons portant chacun laccord parfait,
248 372 1859 842 ſur- tout ſi l'accord parfait eſt majeur dans
248 372 1859 842 tous les deux.
518 1020 1594 1323 CHAPITRE IV.
518 1020 1594 1323 Du mode en general.
239 1338 1861 2121 *LEia:::
239 1338 1861 2121 ſe que lordre preſcrit entre les ſons,
239 1338 1861 2121 tant en harmonie qu'en mélodie, par la pro-
239 1338 1861 2121 greſſion des quintes. Ainſi les trois ſons fa,
239 1338 1861 2121 ut, ſol, & les harmoniques de chacun de
239 1338 1861 2121 ces trois ſons, ceſt- à-dire leurs tierces ma-
239 1338 1861 2121 eures & leurs quintes, compoſent tout le
239 1338 1861 2121 mode majeur d'ut.
408 1353 585 1569 L
228 2127 1846 2869 39. Donc la progreſſion ou baſſe fonda-
228 2127 1846 2869 mentale fa, ut, ſol, dans laquelle ut tient
228 2127 1846 2869 le milieu, peut être regardée comme repré-
228 2127 1846 2869 ſentant le mode d'ut. On pourra de même
228 2127 1846 2869 rendre la progreſſion ou baſſe fondamenta-
228 2127 1846 2869 raX
228 2127 1846 2869 X5XXXXX
228 2127 1846 2869 le mode de fa.
248 2847 1870 3063 On voit par -là que le mode de ſol, ou
248 2847 1870 3063 plutôt la haſſe fondamentale de ce mode, a
