2303 3527
495 207 1591 299 TroniovE Er PnAr1vr.
1723 218 1817 306 89
256 312 1809 417 ce quart de ton eſt inapprétiable à loreille,
245 405 1807 500 & n'a point lieu dans nos inſtrumens. On
258 503 1812 603 trouve cependant moyen de le pratiquer de
253 586 1802 694 la mamere ſuivante, ou plùtôt den ſuppléer
249 678 1120 751 leffet à l'oreille.
237 775 1805 877 145. Nous avons expliqué (Art. 116.)
249 861 1798 956 de quelle maniere on introduit dans le mode
247 958 1798 1064 mineur l'accord ſol ſi r fa, tout compo-
248 1045 1796 1152 ſé de tierces mineures parfaitement juſtes,
247 1139 1799 1239 ou du moins ſuppoſées telles. Cet accord te-
245 1231 1801 1333 nant lieu de l'accord de la dominante (Art.
235 1327 1801 1422 I16.) on peut paſſer de cet aecord à celui
229 1410 1801 1515 de la tonique ou génératrice la (Art. 217.)t
244 1507 1078 1596 mais il faut remarquer,
236 1580 1798 1703 18. Que cet accorck ſol X ſi re fa, tout
232 1691 1795 1792 compoſé de tierces mineures, peut ſe ren-
240 1780 1798 1887 verſer des trois manieres ſuivantes, ſi r fa
226 1869 1800 1979 ſol X, e fa ſol Xſie, & que
235 1960 1796 2057 dans ces trois différens états, il demeurera
232 2056 1796 2150 toujours compoſé de tierces mineures, ou du
233 2148 1792 2247 moins, il ne s en faudra que d'un quart de ton
233 2236 1790 2342 enharmonique que la tierce mineure entre fa
234 2326 1789 2424 & ſol ne ſoit juſte; car la tierce mineure
231 2418 1787 2517 juſte, comme celle de mi à ſol dans l'échelle
231 2509 1787 2608 diatonique, eſt compoſée d'un demi-ton ma-
226 2600 1787 2705 jeur & d'un ton majeur: or, de fa à ſol il y a un
231 2696 1785 2786 ton majeur, & de ſolà ſol , il n'ya qu'un de-
237 2820 1795 2906 (Note d), ceſt-à- dire, de 25 fois 15 à 16 fois 24, ceſt
228 2887 1549 2975 àdirę de 25 fois 5 à 16 tois 8, ou de 125 à 12.
