2303 3535
495 227 594 312 56
730 219 1814 307 E1EMENSDE Mus1vE
499 332 2040 427 lharmonie, & dans la mélodie; ainſi le prin
498 426 2039 520 cipe ut a toute la part quil peut avoir à la
490 515 2012 613 formation du nouveau genre.
491 608 2037 702 81. On voit de plus combien il y a de
493 698 2038 793 liaiſon entre le genre mineur la ut mi, & le
492 793 2035 887 genre majeur ut mi ſol, puiſque ces genres
494 880 2006 969 ont deux ſons communs ut, mi.
592 972 2036 1069 La même choſe s'obſerve dans les adjoints
492 1062 2033 1154 de ces deux modes, c eſt- à- dire (At. 40)
490 1153 2033 1251 dans les modes de leurs quintes en montant,
493 1245 2035 1341 & en deſcendant; car les adjoints d'ut, ſca-
491 1334 2032 1434 voir fa & ſol, donnent les deux genres ou
487 1427 2032 1586 X l 4 : X
482 1518 2030 1611 adjoints de la, ſcavoir ré & mi, donnent les
480 1609 2030 1706 deux modes mineurs re fa la, & mi ſol ſi, qui
479 1701 2029 1786 ont chacun deux ſons communs avec les deux
477 1792 852 1877 précédens.
462 1881 2026 1981 82. Ainſi le ſeul mode majeur d'ut en pro-
460 1972 2020 2073 duit cinq autres qui lui ſont plus ou moins
475 2066 733 2137 relatifs.
469 2158 2022 2258 On voit de plus, que quand on paſſe
478 2246 2025 2346 d'un mode à un autre par lintervalle de
473 2341 2016 2435 tierce, ſoit en montant, ſoit en deſcendant,
474 2429 2010 2525 comme d'ut à mi, ou d'ut à la; de mi à ut,
470 2523 2015 2620 oude la à ut, le mode, de majeur devient mi-
470 2615 1726 2707 neur, ou de mineur devient majeur.
564 2706 2010 2801 83. On pourroit nous faire ici deux objec-
467 2797 2006 2897 tions auxquelles il eſt bon de répondre, quoi-
464 2887 2003 2983 que la ſolution s en déduiſe aſſez facilement de
460 2982 939 3079 nos principe
