2303 3556
509 226 1606 311 Turonrvv r PAriovt.
1742 225 1837 316 8
264 334 1837 435 mentale par tierces, ſoit majeures, ſoit mi-
274 433 1837 521 neures, en montant ou en deſcendant, don-
264 526 1841 621 ne le demi-ton mineur: nous l'avons déjà vû
270 618 1843 717 de la progreſſion des tierces en montant. La
267 711 1844 809 progreſſion de tierces mineures en deſcen-
283 804 1845 896 dant, ut, la, donne ut, ut (bb), & la
267 895 1845 995 progreſſion de tierces majeures en deſcen-
286 990 1788 1067 dant, ut, la , · donne ut, ut (cc).
389 1082 1845 1177 143. Le demi-ton mineur conſtitue le gen-
278 1175 1849 1270 re appellé comatique; & avec le genre dia-
274 1267 1846 1427 r/xt e K
285 1292 1850 1524 tX
315 1478 482 1523 Oie.
558 1740 1559 1853 CHAPITRE XIX.
627 1901 1468 1997 Du genre enhamonique.
285 2068 1847 2250 *L  XXAX
653 2162 1849 2257 haſſe fondamentale par tierces ma-
282 2254 1850 2354 jeures, ut mi ſol X, donnent ce chant ut ſi
288 2347 1846 2443 X, & ces deux ſons ut ſ different en-
283 2441 1849 2539 tr eux d'un petit intervalle appellé quart de
485 2075 630 2250 L
353 2611 1845 2704 (i)La étant , eſt ee, ceſt-à - iiee, &
286 2697 1842 2785 ut eſt 1: donc le rapport de ut à ut eſt celui de 1 à
287 2790 687 2855 ou de 24 à 25.
355 2848 1847 2941 (cc) Lab etant , u b eſtZ de Z, ceſt à · dire : done
285 2932 1315 3011 le rapport de ut à ut h eſt de 24 à 25.
353 2611 1849 2704 (i)La étant , eſt ee, ceſt-à - iiee, &
286 2697 1842 2785 ut eſt 1: donc le rapport de ut à ut eſt celui de 1 à
287 2790 687 2845 ou de 24 àA 25.
355 2848 1847 2941 (cc) Lab etant , u b eſtZ de Z, ceſt à · dire : done
285 2932 1315 3004 le rapport de ut à ut b eſt de 24 à 25.
1476 2998 1628 3091 Fiij
