2303 3579
469 244 1623 383 Tutonrovr Er PArIoE.
1723 277 1863 400 33
236 393 1838 606 uſque ce tétracorde eſt parfaitement ſem-
236 393 1838 606 lable au premier.
227 588 1835 1786 5 2. Mais il n'en eſt pas de même quand
227 588 1835 1786 on compare deux ſons pris dans les deux té-
227 588 1835 1786 tracordes; car nous avons déjà vû que le
227 588 1835 1786 ſon re du premier tétracorde fait avec le ſon
227 588 1835 1786 fa du ſecond une tierce mineure qui n'eſt
227 588 1835 1786 pas juſte. On trouvera de même que la quin-
227 588 1835 1786 te de re à la n'eſt pas parfaitement juſte, ce
227 588 1835 1786 qui eſt évident: car la tierce majeure de fa
227 588 1835 1786 la eſt juſte, & la tierce mineure de re à
227 588 1835 1786 fa ne leſt pas; or pour former une quinte
227 588 1835 1786 juſte, il faut une tierce majeure & une tier-
227 588 1835 1786 ce mineure qui ſoient parfaitement juſtes
227 588 1835 1786 lune & l'autre.
202 1788 1835 2275 53. De- la il s'enſuit que tout eſt abſolu-
202 1788 1835 2275 ment parfait dans chaque tétracorde pris en
202 1788 1835 2275 particulier; mais qu il y a alteration d un té-
202 1788 1835 2275 tracorde à l'autre. Nouvelle raiſon pour diſ-
202 1788 1835 2275 tinguer l'échelle en ces deux tétracordes.
208 2266 1863 2644 54. On peut s'aſſurer par le calcul, que
208 2266 1863 2644 dans le tétracorde ſ, ut, re, mi, l'intervalle
208 2266 1863 2644 ou le ton du ré au mi eſt un peu moindre que
208 2266 1863 2644 lintervalle ou le ton de l'utaure (p); de mê-
185 2629 1863 3097 On trouve de même que le rapport de mi à ſi eſt de à
185 2629 1863 3097 , ceſt- dire de 5 fois 16 à 15 fois 4, ou de 4 à 33 ce
185 2629 1863 3097 qui donne une quarte juſte.
185 2629 1863 3097 (p) Le rapport de re à ut eſt ?: celui de mi à re eſt le
185 2629 1863 3097 rapport deàS. ceſt à-dire de 40 à 36,ou de 10 à9
228 2666 1826 2936 On trouve de même que le rapport de mi à ſi eſt de à
228 2666 1826 2936 , ceſt- dire de 5 fois 16 à 15 fois 4, ou de 4 à 33 ce
228 2666 1826 2936 qui donne une quarte juſte.
208 2913 1831 3107 () Le rapport de r a ut eſt : celui de mi a ri eſt le
208 2913 1831 3107 rapport de à i ceſt à- dire de 40 à 36, ou de 1o à 9:
