2303 3587
485 211 1634 337 TEontovE Er PRArIovE.
1760 222 1876 353 19
263 353 1897 1423 27. Par la même raiſon le chant formé
263 353 1897 1423 'ut, de loctave de ſol & de la double oc-
263 353 1897 1423 tave de mi, entonnées l'une après l'autre,
263 353 1897 1423 ſeroit auſſi le chant le plus ſimple & le plus
263 353 1897 1423 naturel de tous, ſi notre voix avoit aſſez
263 353 1897 1423 d'étenduë pour former ſans peine d'auſſi
263 353 1897 1423 grands intervalles: mais la liberté & la fa-
263 353 1897 1423 cilité que nous avons de ſubſtituer à un ſon
263 353 1897 1423 ſon octave, lorſque cela eſt plus commode
263 353 1897 1423 à notre voix, nous fournit un moyen de re-
263 353 1897 1423 préſenter ce chant.
226 1349 1895 2227 Ceſt pour cela qu'après avoir entonné le
226 1349 1895 2227 ſon ut, nous entonnons naturellemen la
226 1349 1895 2227 tierce mi & la quinte ſol, au lieu de la dou-
226 1349 1895 2227 ble octave de mi, & de loctave de ſol;
226 1349 1895 2227 d'où nous formons, en y joignant l'octave
226 1349 1895 2227 XR:uX
226 1349 1895 2227 en effet le plus ſimple & le plus facile de
226 1349 1895 2227 tous; auſſi a-t-il ſon origine dans la reſon-
226 1349 1895 2227 nance même du corps ſonore.
255 2209 1937 2411 28. Ce chant ut, mi, ſol, ut, dans lequel
255 2209 1937 2411 la tierce ut mi eſt majeure, conſtitue ce qu-
291 2435 1962 3109 mens d'une maniere propre à donner à cet accord tout ſon
291 2435 1962 3109 XtX5XXX:
291 2435 1962 3109 dans lActe de Pygmalion, page 34. où Pygmalion chante
291 2435 1962 3109 avec le Chœur, l' Amour triompe, &c. Dans cet endroit
291 2435 1962 3109 du Chœur, les deux parties de baſſe vocale & inſtrumen-
291 2435 1962 3109 tale rendent le ſon principal & ſon octave; le premier deſ-
291 2435 1962 3109 ſus & la partie de liaute - contre rendent la dix- ſeptiéme
291 2435 1962 3109 5KttkXt
291 2435 1962 3109 nfin, le ſecond aeſſus rend la douzieme.
1503 3054 1648 3184 Bij
