2303 3549
474 296 1556 390 Tutontovt.
1713 307 1816 402 8
238 402 1801 513 deſcendre de laccord ſol ſi re fa à laccord
244 506 1798 606 ut mi ſol la, en rendant la tonique ut ſous-
239 599 1802 696 dominante, ceſt à dire, en paſſant tout dun
242 691 1803 791 coup du mode d'ut dans le mode de ſol; or
241 782 1800 881 deſcendre de ſol ſi re fa à ut mi ſol la, ceſt
240 875 1798 969 la même choſe que de monter de l'accord
228 965 1803 1083 ſol ſi fa à laccord la ut mi ſol, en chan-
238 1058 1796 1158 geant l accord de ſous dominante ut mi ſol la,
236 1151 1795 1249 en accord de dominante imparfaite, ſuivant
239 1242 1790 1317 les loix du double emploi.
276 1335 1796 1429 135. Dans cette ſorte de cadence, la diſ-
236 1424 1793 1524 ſonance du premier accord ſe ſauve en deſ-
237 1519 1797 1619 cendant diatoniquement ſur la quinte de l'ac-
235 1610 1795 1714 cord ſuivant. Par exemple, dans la cadence
231 1702 1795 1798 rompuë ſol ſi r fa, la ut mi ſol, la diſſonan-
231 1729 1796 1888 tXXXRXXärX
231 1885 817 1980 ſur la quinte mi.
237 1973 1795 2083 136. Il eſt encore une autre eſpece de ca-
230 2063 1796 2168 dence appellée cadence interrompuë, ou la do-
229 2157 1794 2240 minante deſcend de tierce ſur une autre do-
229 2255 1794 2354 minante, au lieu de deſcendre de quinte ſur
230 2348 1793 2439 la tonique, comme dans cette marche de
228 2436 1791 2534 baſſe ſol ſi re fa, mi ſol ſi e; dans le cas de
229 2530 1790 2625 la cadence interrompuë, la diſſonance du
229 2623 1786 2717 premier accord ſe ſauve en deſcendant diato-
228 2715 1787 2807 niquement ſur loctave de la note fondamen-
228 2801 1782 2920 tale de laccord ſuivant, comme on voit ici,
229 2896 1773 2987 où fa ſe ſauve ſur loctave de mi.
309 2982 1787 3087 137. La cadence interrompuë a auſſi, ce
1445 3085 1563 3178 Fij
