2303 3580
462 203 588 312 28
680 216 1812 333 EIEMENS DE MsI0vE
454 311 2132 2526 jeure, ſa quinte & ſon octave; enſorte
454 311 2132 2526 qu'en chantant, par exemple ſol, on eſt
454 311 2132 2526 cenſé chanter en même tems les ſons ſol,
454 311 2132 2526 ſi, re, ſol; de même le ſon ut de la baſſe
454 311 2132 2526 fondamentale emporte avec lui ce chant ut,
454 311 2132 2526 mi, ſol, ut, & enfin le ſon fa emporte avec
454 311 2132 2526 lui fa, la, ut, fa: donc ce chant ou cette
454 311 2132 2526 baſſe fondamentale
454 311 2132 2526 ol, u,, ol, ut, a, ut, fa,
454 311 2132 2526 donne le chant diatonique ſuivant,
454 311 2132 2526 , u, , mi, fa, ol, la,
454 311 2132 2526 Ec:
454 311 2132 2526 r. Nous gnorons par q els principes
454 311 2132 2526 ils lavoient formée; mais il eſt viſible que
454 311 2132 2526 cette échelle nait de la baſſe ſol, ut, ſol, ut,
454 311 2132 2526 fa, ut, fa, & que par conſéquent cette baſſe
454 311 2132 2526 eſt nommée avec raiſon fondamentale, com-
454 311 2132 2526 me étant le véritable chant primitif, celui
454 311 2132 2526 txt
454 311 2132 2526 ,n roigus ', , «',e, 4,
674 1097 1846 1257 ol, u,, ol, ut, a, ut, fa,
650 1400 1834 1549 , u, , mi, fa, ol, la,
453 2573 2078 3073 (I) Rien neſt plus facile que de trouver dans cette
453 2573 2078 3073 échelle la valeur de chaque ſon par rapport au ſon ut, que
453 2573 2078 3073 nous appellons 1; car les deux ſons ſol & fa de la baſle
453 2573 2078 3073 ſont 4 & ; d'où il senſuit,
453 2573 2078 3073 18. Que ut de léchelle eſt loctave de ut de la baſſe
453 2573 2078 3073 eſt-à-dire 2.
468 2880 2027 3018 18. Que ut de léchelle eſt loctave de ut de la baſſe
468 2880 2027 3018 eſt-à-dire 2.
