2303 3518
488 211 1586 301 Tuxonrovr Er PArtovx.
1727 237 1826 312 9r
267 327 1823 426 vee le mode mineur de la, & qui lui ſont
267 423 1029 506 totalement étrangers.
373 510 1822 607 146. Il faut avoier pourtant qu'un paſſa-
266 537 1825 702 tiXXXXXc
270 695 1826 792 pas le change à loreille; elle en eſt frappée
274 786 1828 882 ſans pouvoir sen rendre raiſon; & cette rai-
272 878 1830 977 ſon a ſon principe dans le quart de ton, que
274 970 1830 1130 XunX
275 1063 1831 1157 apprétiable à loreille & dont néanmoins
275 1150 1827 1248 elle ne laiſſe pas de ſentir toute la dureté:
276 1246 1828 1339 mais le moment de la ſurpriſe paſſe bien ·tôt,
277 1337 1831 1431 & cette ſurpriſe ſe tourne en admiration de
268 1427 1837 1522 fe voir comme tranſporté tout d'un coup,
273 1518 1829 1614 & preſque ſans sen être appercu, d'un mo-
269 1611 1827 1705 de dans un autre qui ne lui eſt nullement re-
269 1701 1832 1798 latif, & dans lequel on n auroit jamais pû
267 1794 1827 1889 paſſer immédiatement par les ſucceſſions fon
268 1885 1059 1976 damentales ordinaires.
503 2191 1577 2268 CHAPITREXX.
451 2347 1648 2443 Du genre diatonique enarmonique.
271 2516 1825 2692 SX:
580 2607 1825 2706 qui monte alternativement de quin-
265 2698 1823 2794 te & de tierce, comme fa ut mi ſi, cette
266 2791 1820 2888 baſſe donnera le chant fa mi mi re , dans
265 2882 1821 2977 lequel les demi- tons de fa à mi, & de mi à
459 2530 558 2692 8
