2303 3537
458 241 1554 324 Tnxonrovr Er PnArIovE.
1689 250 1785 337 75
224 353 1785 451 de laccord ſol ſi re fa, à laccord la ut mi
229 446 1785 543 la, & paſſer de ce dernier accord à laccord
224 537 1787 703 ſol Xi e fa: cette remarque nous ſera fort
238 633 1793 710 utile dans la ſuite.
505 904 1538 1003 CHAAPITRE XV.
419 1074 1578 1172 De la preparation des diſſonances.
241 1245 1801 1424 'D ½tt
241 1337 1801 1425 note ſupérieure, c'eſt- à-dire la
244 1366 1805 1526 Xc X uX   —
237 1519 1807 1685 i
245 1551 1810 1780 ke Xrrerxr
245 1732 1103 1783 t. &C.
428 1248 629 1442 D
352 1795 1816 1893 119. Quand laccord ſol ſi re fa ſuit lac-
246 1890 1812 1983 cord ut mi ſol ut, comme cela peut arriver,
245 1915 1817 2070 et *  ::
247 2066 1818 2167 diſſonance fa ne ſe trouve point dans laccord
251 2160 1819 2261 précédent ut mi ſol ut; & en effet, elle ne
252 2251 1821 2351 doit point s'y trouver; car cette diſſonance
254 2343 1822 2442 n'eſt autre choſe que la ſous- dominante ajoû-
255 2436 1820 2530 tée à lharmonie de la dominante pour déter-
249 2525 1818 2615 miner le mode: or, la ſous-dominante ne ſe
261 2619 1821 2706 trouve point dans lharmonie du générateur.
366 2703 1821 2871 Met
263 2800 1818 2913 de ſous- dominante fa la ut re ſuit l'accord ui
264 2894 1821 3000 mi ſol ut, la note r, qui forme diſſonanca
