2303 3549
521 217 1659 343 TuronQE Er PRArIovE.
1770 235 1887 355 23
266 343 1914 1496 ſonne avec re, par la premiere expérience,
266 343 1914 1496 (Art. 20): par conſéquent en paſſant d'ut
266 343 1914 1496 à re, ou de re à ut, on paſſe néceſſairement
266 343 1914 1496 de ut à la, ou de la à ut. Or ce dernier paſ-
266 343 1914 1496 ſage eſt contre les regles indiquées par la na-
266 343 1914 1496 ture; car la étant conſidéré dans la ſuite des
266 343 1914 1496 quintes comme quinte de ré, & par conſé-
266 343 1914 1496 :r e ::
266 343 1914 1496 Cauroit faire avec ut une tierce mineure
266 343 1914 1496 juſte & harmonique: ceſt dequoi tous les
266 343 1914 1496 Muſiciens conviennent, & on peut le dé-
266 343 1914 1496 montrer aiſément (g). Ainſi les ſons ut & la
217 1503 1908 3045 (g) Suppoſons que le ſon ut ſoit appellé 1, ſa quinte
217 1503 1908 3045 ſol ſera , la quinte re de cette quinte ſera 2, & la quinte
217 1503 1908 3045 , J575
217 1503 1908 3045 de re, c eſt- à- dire la, fera : ce re & ce la ſe trouveront
217 1503 1908 3045 dans la ſeconde octave au- deſſus d'ut. Donc la double oc-
217 1503 1908 3045 tave au- deſſous de ce la, devroit naturellement être la tier-
217 1503 1908 3045 ce mineure au- deſſous d'ut, comme on le verra aiſément
217 1503 1908 3045 par cette figure
217 1503 1908 3045 3 9 27
217 1503 1908 3045 12.
217 1503 1908 3045 ut, ſol, ut, re, la, ut.
217 1503 1908 3045 a a u eumn m nt
217 1503 1908 3045 m mg
217 1503 1908 3045 Premiere Octave. Seconde Octave.
217 1503 1908 3045 où lon voit au deſſus de chaque ſon ſa valeur numérique.
217 1503 1908 3045 Cela poſé, la double octave au- deſſous de la eſt Z
217 1503 1908 3045 (Note c), parce quil faut diviſer par 4 la fraction ?: donc
217 1503 1908 3045 la tierce mineure de la à ut ſera ?Z; or la tierce mineure
217 1503 1908 3045 harmonique au- deſſous d'ut, eſt (Moie d): donc pour com-
217 1503 1908 3045 parer la tierce mineure la ut avec la tierce mineure harmo-
217 1503 1908 3045 nique, il faut comparer enſemble les intervalles &
270 1506 1893 2568 (g) Suppoſons que le ſon ut ſoit appellé 1, ſa quinte
270 1506 1893 2568 ſol ſera Z, la quinte re de cette quinte ſera , & la quinte
270 1506 1893 2568 de re, ceſt- à-dire la, fera : ce re & ce la ſe trouveront
270 1506 1893 2568 dans la ſeconde octave au- deſſus d'ut. Donc la double oc-
270 1506 1893 2568 tave au-deſſous de ce la, devroit naturellement être la tier-
270 1506 1893 2568 ce mineure au- deſſous d'ut, comme on le verra aiſément
270 1506 1893 2568 par cette figure
270 1506 1893 2568 3 9 27
270 1506 1893 2568 12.
270 1506 1893 2568 ut, ſol, ut, re, la, ut.
270 1506 1893 2568 a a u eumn m nt
270 1506 1893 2568 m mg
270 1506 1893 2568 Premiere Octave. Seconde Octave.
270 1506 1893 2568 où lon voit au- deſſus de chaque ſon ſa valeur numérique
270 2553 1899 3052 Cela poſé, la double octave au- deſlous de la eſt Z
270 2553 1899 3052 (Note c), parce quil faut diviſer par 4 la fraction ?: donc
270 2553 1899 3052 la tierce mineure de la à ut ſera ?Z; or la tierce mineure
270 2553 1899 3052 harmonique au- deſſous d'ut, eſt (Moie d): donc pour com-
270 2553 1899 3052 parer la tierce mineure la ut avec la tierce mineure harmo-
270 2553 1899 3052 nique, il faut comparer enſemble les intervalles &
1442 3028 1623 3151 Biij
