2303 3542
472 194 1599 312 Tutoniovr Er Pn Artoti.
1715 219 1829 332 15
213 296 1857 1556 e ::
213 296 1857 1556 eront égales, & les points D, E en repos.
213 296 1857 1556 De méme ſi la corde LM (Figue C.) fixe
213 296 1857 1556 par ſes extrémités L, M, rend un ſon qui
213 296 1857 1556 ſoit à la dix- ſeptiéme au- deſſous du ſon que
213 296 1857 1556 rend la corde AB, cette corde LM frémi-
213 296 1857 1556 ra dès qu'on fera reſonner la corde AB, &
213 296 1857 1556 on remarquera dans la corde LM, pendant
213 296 1857 1556 utX
213 296 1857 1556 S, R, & quatre points fixes & immobiles
213 296 1857 1556 V, , P, Q, outre les deux extrémités
213 296 1857 1556 L, M; de plus ces points ſeront à égales diſ-
213 296 1857 1556 tances les uns des autres. (d)
149 1568 1892 3058 ( Pour avoir la quarte au- deſſus du ſon 1, il faut pren-
149 1568 1892 3058 dre la douziéme au· deſſous du ſon 1, & la double octave
149 1568 1892 3058 au- deſſus de cette douziéme. En effet, la douziéme au-
149 1568 1892 3058 deſſous d'ut, par exemple, eſt fa, dont la double octave
149 1568 1892 3058 ar::t
149 1568 1892 3058 au- deſſous de 1 eſt , il senſuit que la double octave au-
149 1568 1892 3058 deſſus de cette douziéme, ceſt-à-dire la quarte du ſon 2
149 1568 1892 3058 en montant, ſera multiplié par 4, ou .
149 1568 1892 3058 Enfin la tierce majeure n étant que la double octave au-
149 1568 1892 3058 deſſous de la dix- ſeptiéme, il senſuit que la tierce maieu-
149 1568 1892 3058 re au-deſſus du ſon 1 ſera 5 diviſé par 4, ceſt -à dire
149 1568 1892 3058 La tierce majeure d'un ſon, par exemple, la tierce ma-
149 1568 1892 3058 jeure mi du ſon ut, & ſa quinte ſol, forment entr elles une
149 1568 1892 3058 tierce mineure mi, ſol; or mi eſt 4, & ſol?, par ce qu
149 1568 1892 3058 vient d'être démontré: doù il s'enſuit que la tierce mi-
149 1568 1892 3058 neure, ou l'intervalle de mi à ſol, ſera exprimé par le rap-
149 1568 1892 3058 port de la fraction4, à la fraction .
149 1568 1892 3058 Ponr déterminer ce rapport, il faut remarquer que
149 1568 1892 3058 eſt la meme choſe que , & que eſt la meme choſe qus
212 1592 1848 2180 ( Pour avoir la quarte au- deſſus du ſon 1, il faut pren-
212 1592 1848 2180 dre la douziéme au· deſſous du ſon 1, & la double octave
212 1592 1848 2180 au- deſſus de cette douziéme. En effet, la douziéme au-
212 1592 1848 2180 deſſous d'ut, par exemple, eſt fa, dont la double octave
212 1592 1848 2180 eſt la quarte fa au-deſſus dut. Donc, puiſque la douziéme
212 1592 1848 2180 e ittetReX
212 1592 1848 2180 deſſus de cette douziéme, ceſt-à-dire la quarte du ſon 2
212 1592 1848 2180 en montant, ſera multiplié par 4, ou .
177 2167 1856 2389 Enfn la tierce majeure nétant que la double octave au-
177 2167 1856 2389 deſſous de la dix- ſeptiéme, il senſuit que la tierce maieu-
177 2167 1856 2389 re au-deſſus du ſon 1 ſera 5 diviſé par 4, ceſt -à dire
230 2378 1840 2817 La tierce majeure d'un ſon, par exemple, la tierce ma-
230 2378 1840 2817 jeure mi du ſon ut, & ſa quinte ſol, forment entr elles une
230 2378 1840 2817 tierce mineure mi, ſol; or mi eſt 4, & ſol?, par ce qu
230 2378 1840 2817 vient d'être démontré: doù il s'enſuit que la tierce mi-
230 2378 1840 2817 neure, ou l'intervalle de mi à ſol, ſera exprimé par le rap-
230 2378 1840 2817 port de la fraction ,,à la fraction .
209 2806 1835 2990 Pour determiner ce rapport, il faut remarquer que
209 2806 1835 2990 eſt la meme choſe que , & que eſt la meme choſe qus
