2303 3494
442 151 589 325 x
714 140 1862 303 AVERTIEMEM.
404 309 2096 1538 que à pluſieurs parties, & qui étant
404 309 2096 1538 moins rigoureuſes, s'apprennent prin-
404 309 2096 1538 cipalement par l'uſage, létude des
404 309 2096 1538 des grands modeles, le ſecours d'un
404 309 2096 1538 bon Maitre, & ſur-tout par loreille,
404 309 2096 1538 & par le goût. Cet Ouvrage n'eſt pro-
404 309 2096 1538 prement, ſi je puis m'exprimer ainſi,
404 309 2096 1538 qu'un Rudiment de Muſique deſtiné à
404 309 2096 1538 développer aux Commencans les prin-
404 309 2096 1538 cipes fondamentaux, & non les dé-
404 309 2096 1538 tails.
410 1523 2075 2926 On doit encore moins ſe perſuader
410 1523 2075 2926 qu'il ſuffiſe, pour faire de bonne Mu-
410 1523 2075 2926 ſique, de s'être bien familiariſé avec
410 1523 2075 2926 les principes expoſés dans ce Livre. On
410 1523 2075 2926 pourra ſeulement y apprendre juſqu'à
410 1523 2075 2926 un certain point la méchanique de
410 1523 2075 2926 lArt; c'eſt à la nature à faire le reſte:
410 1523 2075 2926 ſans elle on ne compoſera pas de meil-
410 1523 2075 2926 leure Muſique pour avoir lû cet Ou-
410 1523 2075 2926 vrage, qu'on ne fera de bons Vers avec
410 1523 2075 2926 Richelet. Ce ſont, en un mot, des
410 1523 2075 2926 Elémens de Muſique, & non des Elé-
