2303 3553
501 247 1582 336 Tuootov r PnArrovE.
1729 251 1830 355 6z
254 359 1543 459 nent par cette baſſe fondamentale,
553 507 1525 614 la, e, la , a, mi, la,
255 640 1357 736 qui donne
533 777 1520 881 la, fa, mi, r, ut, ſi, a,
253 915 1813 1031 qu'on peut regarder comme la véritable
257 1007 1811 1095 echelle du mode mineur en deſcendant, dans
257 1101 1812 1197 laquelle on ajoûte ſol naturel entre la & fa,
249 1192 1467 1287 pour conſerver l'ordre diatonique.
482 1478 1573 1570 CHAPITRE XI.
733 1635 1312 1734 De la diſſonance.
252 1808 1819 1990 OFe xt:
627 1900 1815 1994 (fa, ut, ſol) a deux ſons communs
253 1993 1815 2086 avec le mode de ſol (ut, ſol, re), & deux
251 2083 1813 2244 R:4X—
249 2176 1815 2273 fa, ut); par conſéquent cette marche de
250 2268 1814 2364 baſſe ut ſol, peut appartenir au mode d'ut,
249 2360 1824 2455 ou au mode de ſol, comme la marche de
250 2453 1819 2548 baſſe fa ut ou ut fa peut appartenir au mo-
251 2477 1814 2638 Xt X: 3
250 2568 1831 2737 XtuiXEX
250 2727 1815 2826 mentale, on ignore encore juſque-là dans
250 2822 1816 2921 quel mode on eſt. Il ſeroit pourtant avanta-
251 2911 1821 3015 geux de le ſcavoir, & de pouvoir par quel
406 1769 591 1990 O
