2303 3542
487 219 1583 310 Tutoniovr Er Pn Artoti.
1728 244 1816 329 15
256 335 1810 495 e ::
284 428 1809 526 eront égales, & les points D, E en repos.
254 520 1810 615 De méme ſi la corde LM (Figue C.) fixe
253 612 1809 712 par ſes extrémités L, M, rend un ſon qui
254 703 1808 803 ſoit à la dix- ſeptiéme au- deſſous du ſon que
251 794 1808 883 rend la corde AB, cette corde LM frémi-
252 887 1807 980 ra dès qu'on fera reſonner la corde AB, &
251 980 1807 1075 on remarquera dans la corde LM, pendant
253 1007 1805 1165 utX
252 1163 1807 1258 S, R, & quatre points fixes & immobiles
253 1256 1806 1349 V, , P, Q, outre les deux extrémités
253 1347 1811 1445 L, M; de plus ces points ſeront à égales diſ-
253 1440 1789 1531 tances les uns des autres. (d)
273 1623 1812 1694 ( Pour avoir la quarte au- deſſus du ſon 1, il faut pren-
253 1690 1809 1750 dre la douziéme au· deſſous du ſon 1, & la double octave
252 1754 1809 1816 au- deſſus de cette douziéme. En effet, la douziéme au-
250 1820 1808 1888 deſſous d'ut, par exemple, eſt fa, dont la double octave
253 1886 1805 2005 ar::t
252 1951 1807 2033 au- deſſous de 1 eſt , il senſuit que la double octave au-
250 2032 1800 2099 deſſus de cette douziéme, ceſt-à-dire la quarte du ſon 2
249 2097 1781 2179 en montant, ſera multiplié par 4, ou .
322 2179 1806 2246 Enfin la tierce majeure n étant que la double octave au-
240 2245 1805 2313 deſſous de la dix- ſeptiéme, il senſuit que la tierce maieu-
250 2308 1739 2389 re au-deſſus du ſon 1 ſera 5 diviſé par 4, ceſt -à dire
320 2392 1805 2465 La tierce majeure d'un ſon, par exemple, la tierce ma-
247 2458 1803 2532 jeure mi du ſon ut, & ſa quinte ſol, forment entr elles une
251 2522 1803 2606 tierce mineure mi, ſol; or mi eſt 4, & ſol?, par ce qu
249 2605 1804 2670 vient d'être démontré: doù il s'enſuit que la tierce mi-
249 2667 1806 2740 neure, ou l'intervalle de mi à ſol, ſera exprimé par le rap-
249 2738 1237 2823 port de la fraction4, à la fraction .
320 2809 1800 2895 Ponr déterminer ce rapport, il faut remarquer que
245 2897 1802 2986 eſt la meme choſe que , & que eſt la meme choſe qus
273 1623 1812 1694 ( Pour avoir la quarte au- deſſus du ſon 1, il faut pren-
253 1690 1809 1750 dre la douziéme au· deſſous du ſon 1, & la double octave
252 1754 1809 1816 au- deſſus de cette douziéme. En effet, la douziéme au-
250 1820 1808 1888 deſſous d'ut, par exemple, eſt fa, dont la double octave
253 1886 1805 1954 eſt la quarte fa au-deſſus dut. Donc, puiſque la douziéme
252 1904 1807 2033 e ittetReX
250 2032 1800 2099 deſſus de cette douziéme, ceſt-à-dire la quarte du ſon 2
249 2097 1781 2179 en montant, ſera multiplié par 4, ou .
322 2167 1806 2253 Enfn la tierce majeure nétant que la double octave au-
240 2245 1805 2313 deſſous de la dix- ſeptiéme, il senſuit que la tierce maieu-
250 2308 1739 2389 re au-deſſus du ſon 1 ſera 5 diviſé par 4, ceſt -à dire
320 2392 1805 2462 La tierce majeure d'un ſon, par exemple, la tierce ma-
247 2458 1803 2532 jeure mi du ſon ut, & ſa quinte ſol, forment entr elles une
251 2522 1803 2606 tierce mineure mi, ſol; or mi eſt 4, & ſol?, par ce qu
249 2605 1804 2670 vient d'être démontré: doù il s'enſuit que la tierce mi-
249 2667 1806 2740 neure, ou l'intervalle de mi à ſol, ſera exprimé par le rap-
249 2738 1237 2817 port de la fraction ,,à la fraction .
249 2808 1800 2895 Pour determiner ce rapport, il faut remarquer que
245 2897 1802 2986 eſt la meme choſe que , & que eſt la meme choſe qus
