2303 3533
498 262 592 334 42
734 245 1860 334 EIEMENSDE MSI0vE
503 324 2064 449 dant ce ſ ſur le cla ec dt ot
506 385 2057 538 iXii —
510 541 2059 641 car tous les ſ X & les VT ſont la même
503 744 2064 814 le & 1T ſoient confondus. Cette fraction ſurpaſle
511 811 2073 896 lunité deceſt à-dire d environ ,& cette dif-
511 893 2072 963 férence a été nommée comma de Pytiagore. Il eſt viſible
512 959 2074 1042 que ce comma eſt beaucoup plus conſidérable que celuĩ
514 1024 2074 1093 dont nous avons deja parle Mote p), & qui neſt que
545 1094 560 1117 1
518 1122 602 1169 ẽõõ
584 1188 2079 1306 Xn
517 1256 2077 1329 ne un ſi diftérent de lut. La progreſſion des tierces ma-
520 1320 2078 1388 jeures en donne un autre encore plus différent. Car ſuppo-
518 1383 2080 1451 ſons cette progreſſion ut, mi, ſol , ſi X, on aura mi
514 1447 2080 1532 égal à, ſol à & à , dont loctave au- deſſous eſt
523 1529 2079 1626 ; doù lon voit que ce dernier ſi eſt plus petit que lu-
517 1611 2081 1700 mté (ceſt·à- dire que CT) de ʒ ou de à peu-près.
522 1696 2081 1772 Nouveau comma beaucoup plus fort que le précédent, &
520 1762 1617 1831 que les Grecs ont nommé apotome majeur.
587 1844 2084 1923 De plus, ſi après avoir trouvé le ſol & , on accorde
525 1926 2086 1994 enſuite par quintes & par quartes, ſol , re , la X,
528 1992 2082 2059 mi , ſi &, comme nous avons fait pour la premiere
527 2058 2085 2140 progreſſion des quintes, on trouve que le i & ſera ;
533 2138 2090 2204 donc ſa différence avec lunité, ceſt-à-dire avec T, eſt
574 2207 1808 2241 23 ſ i I rr li
536 2205 2091 2303 4 Ceſt à dire environ comma plus petit que tous
536 2284 2095 2354 les precédens, & que les Grecs ont nomme apotome mi-
540 2366 662 2410 neur.
542 2430 2097 2517 Enfin, ſi après avoir trouvé mi égal à dans Ia pro-
540 2515 2095 2592 greſſion des tierces, on accorde enſuite par quintes & par
539 2582 2095 2661 quartes, mi, ſi, fa , ut , &c. on parviendra à un
542 2644 2098 2730 nouveau , qui ſera , & qui ne differera de lu-
544 2725 2095 2810 nité que d'environ dernier comma, le plus petit de
547 2809 2100 2883 tous: mais il faut obſerver que dans ce cas, les tierces
550 2874 2106 2955 majeures de mi à ſol , de ſol X à ſi Xou ut, &c. ſont
553 2937 1784 3004 tres-fauſſes, & tres-alterées.
503 744 2064 814 le & 1T ſoient confondus. Cette fraction ſurpaſle
511 811 2073 896 lunité deceſt à-dire d environ ,& cette dif-
511 893 2072 963 férence a été nommée comma de Pytiagore. Il eſt viſible
512 959 2074 1042 que ce comma eſt beaucoup plus conſidérable que celuĩ
514 1024 2074 1093 dont nous avons deja parle Mote p), & qui neſt que
545 1094 560 1117 1
518 1122 602 1169 ẽõõ
584 1188 2079 1306 Xn
517 1256 2077 1329 ne un ſi diftérent de lut. La progreſſion des tierces ma-
520 1320 2078 1388 jeures en donne un autre encore plus différent. Car ſuppo-
518 1383 2080 1451 ſons cette progreſſion ut, mi, ſol , ſi X, on aura mi
514 1447 2080 1532 égal à, ſol à & à , dont loctave au- deſſous eſt
592 1529 2015 1562 .N lR I . ſ ſ 1
523 1531 2079 1626 H, d ou lon voit que ce dermer ſi eſt plus petit que l u-
517 1611 2081 1700 mté (ceſt·à- dire que CT) de ʒ ou de à peu-près.
522 1696 2081 1765 Nouveau comma beaucoup plus fort que le precédent, &
520 1762 1617 1831 que les Grecs ont nommé apotome majeur.
587 1844 2084 1923 De plus, ſi après avoir trouvé le ſol & , on accorde
525 1926 2086 1994 enſuite par quintes & par quartes, ſol , re , la X,
528 1992 2082 2059 mi , ſi &, comme nous avons fait pour la premiere
527 2058 2085 2140 progreſſion des quintes, on trouve que le i & ſera ;
533 2138 2090 2204 donc ſa différence avec lunité, ceſt-à-dire avec T, eſt
574 2207 1808 2241 23 ſ i I rr li
536 2205 2091 2303 4 Ceſt à dire environ comma plus petit que tous
536 2284 2095 2354 les precédens, & que les Grecs ont nomme apotome mi-
540 2366 662 2409 neur.
542 2430 2097 2517 Enfin, ſi après avoir trouvé mi égal à dans Ia pro-
540 2515 2095 2592 greſſion des tierces, on accorde enſuite par quintes & par
539 2582 2095 2661 quartes, mi, ſi, fa , ut , &c. on parviendra à un
542 2644 2098 2730 nouveau , qui ſera , & qui ne differera de lu-
544 2725 2095 2810 nité que d'environ dernier comma, le plus petit de
547 2809 2100 2878 tous: mais il faut obſerver que dans ce cas, les tierces
550 2874 2106 2946 majeures de mi à ſol , de ſol X à ſi ou ut, &c. ſont
553 2937 1784 3004 très- fauſles, & très alterées.
