2303 3572
532 277 1641 368 Tur Er PArIovE Er PAroo.
268 385 1846 493 ſons peuvent être également aigus ou éga-
275 488 1848 586 lement graves, quoique d'inégale force.
275 582 1864 654 ne corde de violon touchée avec un ar-
276 675 1844 768 chet rend toûjours un ſo égalet
268 702 1852 860 X a X   ai:
274 858 1851 955 ment; le ſon ſera ſeulement plus ou moins
274 953 1855 1049 fort. ll en eſt de même de la voix: qu'on
276 1045 1853 1141 forme un ſon en enflant la voix peu à peu,
279 1140 1856 1233 on sappercevra que le ſon augmentera de
282 1232 1859 1327 force, mais qu'il ſera toûjours également
282 1325 1615 1422 grave, ou également aigu.
381 1433 1862 1510 6. Nous remarquerons encore dans la gam-
285 1444 1866 1604 X
287 1602 1870 1695 au mi, du fa au ſol, du ſol au la, du la au
269 1696 1868 1833 e, r, s
344 1789 1868 1884 ue les intervalles du mi au fa, & cu ſi à lut,
292 1816 1870 1977 a rX R er
296 1974 1872 2070 qu environ la moitié des premiers. Ce fait
298 2067 1871 2139 eſt connu & avoiié de tout le monde: nous
297 2156 1872 2246 en donnerons la raiſon dans la ſuite, & on
349 2251 1873 2346 e tf c'lement s'en aſſurer par le ſecours de
301 2281 923 2441 XXXt
327 2492 1876 2562 (a) Cette expérience eſt facile à faire. Que lon chante
300 2561 1874 2624 la ammete mi f ſl la V on remarquera
305 2582 1872 2692 XtXeüXXeXXXu.t
306 2690 1875 2758 toute ſemblable à la demi-gamme ut, re, mi, fa; enſorte
309 2754 1875 2828 que ſi après avoir chanté cette gamme, on vouloit la chan-
311 2823 1877 2888 ter de nouveau en donnant à ut le meme ſon que ſol avoit
312 2886 1879 2959 dans le premier chant, le re du nouveau chant auroit le
312 2950 1880 3030 même ſon que le la du premier, le mi que le ſi, & le fa
312 3026 579 3100 ue l&T.
1520 3081 1644 3174 Aij
