2303 3540
503 249 1613 342 Tutonrovr r PrI0vE.
1746 263 1836 335 ir
271 363 1840 471 ſuite la quinte, puis la tierce, &c. Ceſt un
273 456 892 534 fait d'expérience.
344 537 1835 643 18. Un accord compoſé de ſons dont l'union
272 641 1834 739 déplait à loreille s appelle accod diſſonant,
274 733 1830 831 & les ſons qui le forment ſont appellés diſ-
271 826 1834 921 ſonances les uns par rapport aux autres. La
273 918 1834 1014 ſeconde, le triton, & la ſeptiéme d'un ſon,
273 1009 1832 1106 ſont des diſſonances par rapport à lui. Ainſi
273 1101 1828 1201 un accord compoſé des ſons ut re, ou ut ſi,
277 1192 1616 1280 ou fa ſi, &c. eſt un accord diſſonant.
381 1286 1831 1383 19. Le terme de diſſonance vient de deux
277 1378 1830 1475 mots, l'un grec, l'autre latin, qui ſignifient ſon-
281 1471 1829 1566 ner deux fois; en effet, la raiſon qui rend la
280 1559 1830 1657 diſſonance deſagréable, c'eſt que les ſons qui
283 1650 1838 1743 la forment ne ſe confondent nullement à lo-
283 1745 1842 1843 reille, & ſont entendus par elle comme deux
282 1834 1708 1939 ſons diſtincts, quoique frappés à la- fois.
