2303 3546
568 213 1681 336 Turoorovr r PnArIovt.
241 325 1910 968 gu eſt à cet interalle en montant par rapport
241 325 1910 968 au plus grave, & que le plus grave eſt à
241 325 1910 968 cet interalle en deſcendant par rapport au plus
241 325 1910 968 aigu. Ainſi dans la tierce mineure mi ſol, où
241 325 1910 968 mi eſt le ſon grave & ſol le ſon aigu, ſol
241 325 1910 968 eſt à la tierce mineure de mi en montant, &
241 325 1910 968 & mi à la tierce mineure de ſol en deſcendant.
283 956 1892 1487 v ẽ sa i
283 956 1892 1487 ſonores, on dit que lun eſt à la quinte de
283 956 1892 1487 lautre au-deſſus ou en montant, cela veut dire
283 956 1892 1487 que le ſon rendu par l'un eſt à la quinte en
283 956 1892 1487 montant du ſon rendu par l'autre, &c.
336 1487 1928 1599 agu ee a a a a a l a e t a l l l l ll ll a l le l l ll lo l D
336 1487 1928 1599 Mo aa a . aa e
312 1605 1851 1929 CHAPITRE III.
312 1605 1851 1929 Des interalles plus grands que l'octave.
259 1947 1892 3008 Sirc xe x3
259 1947 1892 3008 mi, fa, ſol, la, ſi, T, on veut pouſ-
259 1947 1892 3008 ſer cette gamme plus loin en montant, on
259 1947 1892 3008 S'appercevra ſans peine qu'on formera une
259 1947 1892 3008 Xx
259 1947 1892 3008 entierement ſemblable à la premiere, & dont
259 1947 1892 3008 les ſons ſeront à loctave, en montant, de
259 1947 1892 3008 Xt
259 1947 1892 3008 gamme; ainſi RE, ſecond ſon de la ſeconde
259 1947 1892 3008 amme, ſera à l'octave en montant du re de
259 1947 1892 3008 X XX X
418 1952 560 2188 S
1475 2998 1636 3090 Aiiij
