2303 3500
497 320 591 397 34
730 284 1834 367 E1EMENS DE MSI0VE
499 390 2046 485 me dans le ſecond tétracorde mi, fa, ſol, la,
554 485 2049 580 ui eſt comme nous l'avons prouvé par-
503 529 2053 669 5i XiürüXXri.
497 662 2056 779 ſol au la eſt un peu moindre que le ton du
500 753 2061 868 fa au ſol; c'eſt pour cette raiſon qu'on diſtin-
518 850 2059 958 gue deux ſortes de tons, le ton majeur com-
522 937 2064 1035 me d'ut à re, de fa à ſol, &c. & le ton mi
524 1029 1949 1122 neur comme de r à mi, de ſol à la, &c.
785 1315 1822 1389 CHAPITRE VI.
531 1446 2078 1563 Formation de lechelle diatonique des Modernes;
968 1561 1650 1657 ou gamme ordinaire.
545 1730 2082 1837 55. Ous venons de montrer dans le
883 1822 2084 1915 Chapitre précédent, comment ſe
543 1911 2087 2016 forme léchelle des Grees, ſi, ut, é, mi, fa,
545 2068 2091 2156 or difſere moins de lunité que ; donc lintervalle de
548 2152 1788 2220 re à mi eſt un peu moindre que celui de ut à re.
571 2214 2093 2293 Si on veut ſcavoir le rapport de à , on trouvera
555 2293 2099 2368 (Note d) que ceſt celui de 8 fois 10 à 9 fois 9, ceſt- à-
549 2359 2099 2419 dire de 8o à 81. Ainſi la différence du ton mineur au ton
551 2423 2103 2494 majeur eſt de 8o à 81; cette différence eſt ce que les Grecs
555 2488 2100 2560 ont appellé comma. Elle eſt inſenſible à loreille, quoique
556 2559 730 2613 réelle.
575 2615 2104 2686 On peut remarquer que cette diſſérence d'un comma ſe
560 2681 2104 2747 trouve entre la tierce mineure juſte & harmonique, & la
563 2744 2105 2814 tierce mineure altérée re fa, que nous avons remarqué dans
565 2808 2106 2888 Péchelle ( Mote m); car nous avons vù que cette tierce
567 2874 2107 2951 mineure alterée eſt dans le rapport de do à d1 avec la tierce
569 2942 945 3007 ineure juſte.
545 2068 2091 2156 or difſere moins de lunité que ; donc lintervalle de
548 2152 1788 2220 re à mi eſt un peu moindre que celui de ut à re.
571 2214 2093 2293 Si on veut ſcavoir le rapport de à , on trouvera
555 2293 2099 2368 (Note d) que ceſt celui de 8 fois 10 à 9 fois 9, ceſt- à-
549 2359 2099 2419 dire de 8o à 81. Ainſi la différence du ton mineur au ton
551 2423 2103 2494 majeur eſt de 8o à 81; cette différence eſt ce que les Grecs
555 2488 2100 2613 t appellé comma. Elle eſt inſenſible à loreille, quoique
556 2578 730 2612 reeIle.
575 2615 2104 2686 On peut remarquer que cette diſſérence d'un comma ſe
560 2681 2104 2747 trouve entre la tierce mineure juſte & harmonique, & la
563 2744 2105 2814 tierce mineure altérée re fa, que nous avons remarqué dans
565 2808 2106 2874 Péchelle (Mote m); car nous avons vù que cette tierce
567 2874 2107 2951 mineure alterée eſt dans le rapport de do à d1 avec la tierce
569 2942 945 3007 ineure juſte.
