2303 3608
536 234 1642 323 Tuxoniovr rr PArIovr.
1796 250 1879 330 55
297 345 1888 444 cune des trois parties de cette eorde C D, ſe-
300 440 1886 541 roit le ſon principal lui- même. Donc, puiſ-
303 468 1882 635 e c c
302 624 1892 724 les trois parties C D, DE, EF, il senſuit
300 722 1882 820 que ſi cette corde venoit à reſonner, elle ne
300 817 1884 914 rendroit que luniſſon du ſon principal. Il en
302 910 1880 999 eſt de même de la dix · ſeptiéme L M (νay. C.)
396 994 1885 1100 79. Donc la nature, en nous indiquant le
303 1099 1886 1193 mode mineur par le frémiſſement de cette
288 1191 1888 1288 douziéme & de cette dix-ſeptième, nous
304 1286 1886 1382 ramene en même tems, autant qu'il eſt poſ-
305 1379 1891 1475 ſible, au ſon principal ut, pour former le gen-
293 1472 1891 1588 re ou mode mineur; puiſque ſi cette douzié-
305 1565 1891 1660 me & cette dix- ſeptieme reſonnoient en fré-
307 1656 1897 1757 miſſant, elles ne rendroient que le ſon prin-
304 1753 1369 1845 cipal ut.
374 1830 1896 1947 8o. A la vérité le ſon principal ne pourra
292 1941 1895 2038 lêtre dans le nouveau mode, puiſque ut ne
305 2035 1895 2131 fait reſonner que la tierce majeure mi, &
306 2127 1896 2222 non la mineure mi : mais au défaut de cette
305 2220 1893 2320 place, il oecupera celle qui eſt ici en quel-
306 2314 1892 2412 que maniere la principale, en ce quelle conſ-
301 2407 1891 2508 titue le nouveau genre, & en fait la différen-
302 2501 1895 2597 ce d'avec le majeur. Le ſon ut deviendra
304 2595 1885 2685 done la tierce mineure du ſon fondamental,
307 2689 1891 2789 lequel ſera par conſéquent la. De plus la tier-
307 2782 1889 2879 ce majeure mi du ſon ut deviendra la quinte
307 2877 1890 2974 du ſon fondamental; & ceſt la quinte, com-
308 2970 1890 3070 me nous lavons vû, qui donne la loi dans
1517 3063 1690 3159 Dij
