2303 3551
493 209 625 327 30
690 170 1852 341 EIEMES DE MSs10vE
496 341 2101 1641 les ſons re & fa forment entr'eux une tierce
496 341 2101 1641 mineure qui n'eſt pas parfaitement juſte com-
496 341 2101 1641 me l'eſt celle de mi à ſol (m). Cependant
496 341 2101 1641 cette altération dans la tierce mineure de re
496 341 2101 1641 à fa ne fait aucune peine à l'oreille, parce
496 341 2101 1641 que ce re & ce fa, qui ne forment pas en-
496 341 2101 1641 tr'eux une tierce mineure juſte, forment cha-
496 341 2101 1641 cun en particulier des conſonances parfaite-
496 341 2101 1641 XXiXX
496 341 2101 1641 mentale qui leur répondent; car re de l'é-
496 341 2101 1641 chelle eſt la quinte juſte du ſol qui lui répond
496 341 2101 1641 dans la baſſe fondamentale, & fa de lé-
496 341 2101 1641 chelle eſt l'octave juſte du fa qui lui répond
496 341 2101 1641 dans cette même baſſe.
508 1608 2129 2554 47. Donc, pourvù que les ſons de lé-
508 1608 2129 2554 XX XXX
508 1608 2129 2554 juſtes avec les ſons qui leur répondent dans
508 1608 2129 2554 la baſſe fondamentale, l'oreille ſe met peu
508 1608 2129 2554 en peine de l'altération qu'il peut y avoir
508 1608 2129 2554 dans les intervalles que ces ſons de léchelle
508 1608 2129 2554 forment entr'eux. Nouvelle preuve que la
508 1608 2129 2554 baſſe fondamentale eſt le vrai guide de l'o-
508 1608 2129 2554 reille & la véritable origine du chant dia-
508 1608 2129 2554 tonique.
532 2590 2118 3024 (m) Pour comparer le re au fa, il ny a quà comparer
532 2590 2118 3024 à; le rapport de ces fractions ſera (Note d) celui de
532 2590 2118 3024 9 fois z à 8 fois 4, ceſt- à- dire de 27 à 32: donc la tierce
532 2590 2118 3024 mineure de re à fa neſt pas juſte, puiſque le rapport de 27
532 2590 2118 3024 à 32neſt pas le même que celui de 5 à 6, (ote g) ce
532 2590 2118 3024 deux rapports Etant entr eux comme d1 à do.
