2303 3573
502 278 603 358 44
718 273 1836 374 ELEMENSDE MvsIOvE
507 383 2075 491 raiſon pour altérer l'une préférablement
504 474 2065 577 Tautre, il s'enſuit que nous devons les alté-
504 574 2070 679 rer toutes également. Par ce moyen l'alté-
503 663 2068 770 ration ſe trouvant également répanduë ſur
503 755 2074 866 toutes les quintes, ſera preſque impercepti-
500 842 2066 958 ble pour chacune, & ainſi la quinte qui eſt
501 938 2069 1042 apres l'octave, la plus parfaite de toutes les
501 1031 2068 1131 conſonances, & que nous ſommes forcés
500 1119 2070 1234 d'altérer, ne le ſera que le moins quil eſt
504 1214 807 1314 poſſible.
596 1309 2066 1409 67. Il eſt vrai que les tierces ſeront un
503 1399 2066 1493 peu dures, mais la tierce étant un intervalle
502 1494 2070 1597 moins conſonant que la quinte, il eſt néceſ-
501 1581 2067 1695 ſaire, dit M. Rameau, d'en ſacrifier la juſteſſe
500 1676 2067 1781 à celle de la quinte; car plus un intervalle eſt
497 1769 2066 1879 conſonant, plus laltération en déplait à l'o-
497 1859 2061 1956 reille: la moindre altération dans l'octave eſt
500 1950 999 2045 inſupportable.
586 2046 2059 2141 68. Cette altération des intervalles dans
492 2134 2055 2232 les inſtrumens à touche, & même dans les
490 2228 2057 2347 inſtrumens ſans touche, eſt ce qu'on appelle
493 2326 924 2411 temperament.
568 2415 2055 2528 69. Il réſulte donc de tout ce que nous
493 2506 2054 2623 venons de dire, que la théorie du tempé-
492 2600 1700 2703 rament ſe reduit à cette queſtion.
584 2689 2052 2804 Etant donnée la ſuite alternative des quin-
490 2781 2041 2893 tes & des quartes VT, SOL, , LA, mi,
485 2868 2047 2986 ſi, fa , u , 0, é, a X, mi
485 2963 2043 3080 , X, dans laquelle ſi ou ut, n'eſt
