2303 3527
513 211 1610 302 AERTIEMENr.
1753 219 1850 301 iæ
295 348 1845 547 ec XX
326 460 1845 578 erver pour une ſeconde lecture, quand
295 573 1840 684 on ſe ſera bien inſtruit des regles eſſen-
290 684 1846 803 tielles & fondamentales expliquées dans
291 802 1854 886 le texte.
333 909 1846 1028 Ce ſecond Livre ne ſuppoſe non plus
292 1024 1859 1140 àla rigueur, aucune habitude de chant,
291 1135 1847 1223 ni même aucune connoiſſance de Mu-
292 1245 1847 1363 ſique; il demande ſeulement qu' on ſca-
293 1359 1847 1469 che, non lintonnation, mais ſimple-
293 1467 1858 1587 ment la poſition des notes dans la clef
301 1580 1847 1779 i t: —
301 1619 1851 1812 ei: —
302 1806 1849 1922 pourra-t-on acquérir cette connoiſſan-
302 1921 1850 2034 ce dans mon Ouvrage même; car jex-
305 2025 1855 2147 plique au commencement du ſecond
305 2140 1854 2259 Livre, la poſition des clefs & des no-
304 2253 1850 2371 tes. Il n'eſt queſtion que de ſe la ren-
306 2364 1850 2483 dre un peu familiere, & on n'aura plus
305 2482 1663 2564 de difficulté.
312 2593 1848 2706 On ne doit pas s'attendre à trouver
306 2704 1848 2818 ici toutes les regles de la compoſition,
309 2814 1851 2935 ſur- tout celles qui concernent la Muſi-
