2303 3533
526 250 630 317 õo
766 242 1850 323 ELEMENS DE MvsIOvE
536 354 2106 447 tale doit être majeure (Art. 77.) dès que
537 446 2004 519 cette tierce monte au ſon fondamental la.
636 538 2103 632 86. On remarque cette premiere différen-
537 626 1142 704 ce entre l'échelle
753 774 1868 871 ſ , a,, uu, i, fa,
537 915 2103 1015 & léchelle qui lui répond dans le mode ma-
537 1016 1943 1109 jeur,
767 1102 1838 1198 ſi, fa, ſol, la,
534 1233 2102 1402 ieet?:
569 1326 2096 1419 ons de la premiere échelle, il n'y a qu'un
539 1417 2101 1510 demi-ton; au lieu que du ſol au la, qui ſont
542 1508 2100 1604 les deux derniers ſons de la ſeconde, il y a
540 1599 2099 1691 un ton entier: mais ce n'eſt pas la ſeule dif-
539 1690 2098 1850 férence qui ſe trouve entre les échelles des
543 1784 988 1853 deux modes.
638 1874 2100 1968 87. Pour développer ces différences, &
539 1965 2096 2051 en faire ſentir la raiſon, nous commencerons
528 2056 2098 2154 par former une nouvelle échelle diatonique
540 2148 2099 2234 du mode mineur, ſemblable à la ſeconde
543 2239 1433 2330 échelle du mode majeur,
673 2383 2075 2480 ut, /i, mi, fa, ol, ſol, a, ſi, ut.
639 2528 2099 2616 Cette derniere échelle, comme nous l'a
547 2619 2094 2713 vons vû, a été formée par le moyen de la
546 2711 2096 2806 baſſe fondamentale fa ut ſol ré, diſpoſee en
532 2804 964 2889 cette ſorte,
679 2911 2035 3008 ,, ſl, ue, ſa, ut.
