2303 3575
542 229 1643 320 TxoniovE Er PnrrovE.
1757 249 1855 337 45
284 342 1859 444 pas loctave juſte du premier VT, on pro-
286 435 1853 537 poſe d'altérer également toutes les quintes
285 527 1852 627 de maniere que les deux ut ſoient parfaite-
287 622 1377 694 ment à l'octave l'un de l'autre.
378 714 1855 810 70. Pour réſoudre cette queſtion, on com-
281 808 1850 905 mencera par mettre les deux ut parfaitement
283 897 1851 999 à loctave lun de l'autre, enſuite de quoi on
281 989 1849 1089 rendra le plus égaux qu'il ſera poſſible tous les
285 1081 1849 1181 demi-tons dont loctave eſt compoſée. Par- là
282 1178 1847 1281 (u) toutes les quintes ſeront chacune très peu
347 1332 1856 1410 (u) Tous les demi - tons étant égaux dans le tempéram-
281 1404 1856 1473 ment que M. Rameau propoſe, il s enſuit que les douze de-
280 1469 1856 1533 mi-tons ut, ut X, re, re , mi, mi , &c. formeront une
284 1532 1858 1601 progreſſion géométrique continue, ceſt-à-dire, une ſuite
282 1598 1858 1672 dans laquelle ut ſera à ut & dans le mème rapport que ut
282 1663 1511 1730 à re, que re à re , &c. & ainſi de ſuite.
347 1728 1854 1793 Ces douze demi-tons ſont formés par une ſuite de treize
278 1751 1852 1866 a XtXeiXr R
278 1861 1846 1936 nier. Ainſi pour trouver par le calcul la valeur de chaque
277 1924 1849 1998 ſon dans le tempérament dont il s'agit, la queſtion ſe ré-
277 1991 1847 2053 duit à trouver entre les nombres 1 & 2 Onze autres nom-
272 2055 1847 2132 bres qui faſſent avec 1 & 2, une progreſſion géométrique
276 2127 1450 2174 continue.
270 2188 1847 2255 Pour peu quon ait d'uſage du calcul, on trouvera faci-
272 2251 1843 2328 lement chacun de ces nombres, ou du moins ſa valenr ap-
274 2318 1844 2389 prochée. En voici lexpreſſion que les Mathématiciens re-
273 2384 1808 2457 connoitront facilement, & que les autres peuvent paſſer.
278 2514 1841 2587 TTu r mi a 2 Xſol ol X
389 2582 1752 2640 12 12 12 12 12 12 12 I2
270 2638 1837 2736 1V2 22 V22V222 V2
270 2787 1017 2853 la i ut
354 2855 1433 2926 1 212 12 12
362 2920 1179 3004 2ꝰ 2E 222
347 1332 1856 1410 (u) Tous les demi - tons étant égaux dans le tempéram-
281 1404 1855 1473 ment que M. Rameau propoſe, il s enſuit que les douze de-
280 1469 1855 1533 mi-tons ut, ut X, re, re , mi, mi , &c. formeront une
284 1532 1854 1601 progreſſion géométrique continue, ceſt-à-dire, une ſuite
282 1598 1853 1672 dans laquelle ut ſera à ut & dans le mème rapport que ut
282 1663 1511 1723 à re, que re à re , &c. & ainſi de ſuite.
347 1722 1854 1793 Ces doze demi-tons ſont formés par une ſuite de treize
278 1751 1852 1866 a XtXeiXr R
278 1861 1846 1936 nier. Ainſi pour trouver par le calcul la valeur de chaque
277 1924 1849 1998 ſon dans le tempérament dont il s'agit, la queſtion ſe ré-
277 1991 1847 2053 duit à trouver entre les nombres 1 & 2 Onze autres nom-
272 2055 1847 2132 bres qui faſſent avec 1 & 2, une progreſſion géométrique
276 2127 1450 2174 continue.
270 2188 1847 2255 Pour peu quon ait d'uſage du calcul, on trouvera faci-
272 2251 1843 2328 lement chacun de ces nombres, ou du moins ſa valenr ap-
274 2318 1844 2389 prochée. En voici lexpreſſion que les Mathématiciens re-
273 2384 1808 2457 connoitront facilement, & que les autres peuvent paſſer.
