2303 3599
455 222 1628 372 TutotovE Er PArovE.
1724 234 1855 372 1
192 354 1927 952 ſon octave en montant ou en deſcendant.
192 354 1927 952 Ces deux ſons ſe confondent preſque entie-
192 354 1927 952 rement à l'oreille lorſqu'ils ſont entendus en-
192 354 1927 952 ſemble. On peut dailleurs ſe convaincre par
192 354 1927 952 deux faits très- ſimples de la facilité qu'on a
192 354 1927 952 à prendre l'un pour l'autre.
234 934 1966 2164 ſe ſuppoſe que lon veuille chanter un air,
234 934 1966 2164 & quayant pris d'abord cet air ſur un ton
234 934 1966 2164 trop haut ou trop has pour ſa voix, on ſoit
234 934 1966 2164 oblige, pour ne point trop s'efforcer, de
234 934 1966 2164 chanter lair dont il s'agit ſur un ton plus
234 934 1966 2164 bas ou plus haut que le premier; je dis que
234 934 1966 2164 ſans être Muſicien en aucune maniere, on
234 934 1966 2164 prendra naturellement le nouveau ton à l'oc-
234 934 1966 2164 tave en bas, ou à l'octave en haut du pre-
234 934 1966 2164 mier; & que pour prendre ce nouveau ton
234 934 1966 2164 à un autre intervalle que l'octave, il faut y
234 934 1966 2164 faire attention. C'eſt un fait dont il eſt faci-
234 934 1966 2164 le de saſſurer par lexpérience.
276 2161 1945 2568 Autre fait. Qu'une perſonne chante un ait
276 2161 1945 2568 en notre préſence, & le chante ſur un ton
276 2161 1945 2568 trop haut ou trop bas pour notre voix; ſi
276 2161 1945 2568 nous voulons chanter cet air avec elle, nous
258 2592 1939 3131 majeure d'un ſon quelconque eſt les de ce ſon. Il faue
258 2592 1939 3131 donc chercher une fraction qui exprime les de ; c eſt
258 2592 1939 3131 ce qui ſe fait en multipliant le haut & le bas des deux
258 2592 1939 3131 fractions l'un par lautre; d'où réſulte la nouvelle fraction
258 2592 1939 3131 . On trouvera de même que la quinte de la quinte eſt
258 2592 1939 3131 ⸗Parce que la quinte de la quinte eſt les de
1598 3088 1699 3184 B
