2303 3561
524 205 649 303 90
736 188 1875 282 ELEMENSDE MvsI0vE
526 301 2119 588 mi-ton mineur. Donc (Art. 244.) il s'en faut
526 301 2119 588 un quart · de ton enharmonique, que la tierce
526 301 2119 588 mineure fa ſol X ne ſoit juſte.
516 564 2137 1524 2. Mais comme ce quart de ton eſt incon-
516 564 2137 1524 XXicXXXt.2—
516 564 2137 1524 loreille, loreille prend les trois differens ac-
516 564 2137 1524 cords,
516 564 2137 1524 e 4X,
516 564 2137 1524 4a oa Xo ,
516 564 2137 1524 a ⸗ Xſ ,
516 564 2137 1524 qui ne ſont que le même, pour des accords
516 564 2137 1524 compoſés chacun de tierces mineures juſtes.
506 1523 2131 2267 Or laccord ſol X ſi r fa, appartenant
506 1523 2131 2267 au mode mineur de la, où ſol eſt la note
506 1523 2131 2267 ſenſible; accord ſi r fa ſol X, ou ſi re fa
506 1523 2131 2267 la h, appartiendra par la même raiſon au
506 1523 2131 2267 mode mineur d'ut, où ſi eſt la note ſenſible.
506 1523 2131 2267 De même laccord re fa ſol ſi, appar-
506 1523 2131 2267 tiendra au mode mineur de mi, & laccord
506 1523 2131 2267 fa ſol ſi re, au mode mineur de ſol .
490 2234 2159 3010 Donc après avoir paſſé par le mode de la à
490 2234 2159 3010 Taccord ſol X ſi re fa (Article 127.), on
490 2234 2159 3010 peut, au moyen de ce dernier accord, &
490 2234 2159 3010 en ſe contentant ſimplement de le renver-
490 2234 2159 3010 ſer, paſſer enſuite tout d'un coup aux mo-
490 2234 2159 3010 des d'ut mineur, ou de mi mineur, ou ds
490 2234 2159 3010 ſol mineur, c'eſt-à · dire dans des modes
490 2234 2159 3010 qui nont rien ou preſque rien de commun
