2303 3468
440 191 567 329 8
676 162 1830 306 EEMENS DE MvsI0E
473 322 1771 424 tave de mi, &c. & ainſi des autres.
441 405 2044 1045 14. Comme il y a neuf ſons depuis le pre
441 405 2044 1045 mier ut juſqu'au ſecond RE, lintervalle de
441 405 2044 1045 ces deux ſons s appelle neuieme, & cette neu-
441 405 2044 1045 viéme eſt compoſée de ſix tons & deux de-
441 405 2044 1045 mi-tons Par la même raiſon lintervalle de
441 405 2044 1045 ut à FA s'appelle onzieme, l'intervalle de ut
441 405 2044 1045 à SOL, douzieme, &c,
394 1039 2090 1402 I eſt viſible que la neuvieme eſt loctave
394 1039 2090 1402 de la ſeconde; que la onzieme eſt loctave de
394 1039 2090 1402 la quarte; que la douzieme eſt l'octave de la
394 1039 2090 1402 quinte, &c.
469 1385 2119 1673 edave de loctave d'un ſon sappelle la
469 1385 2119 1673 double octave; l'octave de la double octave
469 1385 2119 1673 ſe nomme triple octave, & ainſi de ſuite.
400 1668 2078 2164 La double octave ſe nomme auſſi quinzie-
400 1668 2078 2164 me, & par la même raiſon la double octave
400 1668 2078 2164 de la tierce eſt nommée dix-ſeptieme; la dou-
400 1668 2078 2164 ble octave de la quinte, dixrneuvieme, &c.
420 2158 2032 3034 (b) Suppoſons deux cordes ſonores de mème matiere,
420 2158 2032 3034 de meme groſſeur & également tendues, mais inegales
420 2158 2032 3034 en longueur, on trouvera par expérience,
420 2158 2032 3034 18. Que ſi la plus petite eſt exactement la moitié de la
420 2158 2032 3034 plus grande, le ſon qu'elle rendra ſera à loctave au- deſſus
420 2158 2032 3034 lu ſon que rendra la plus grande.
420 2158 2032 3034 2. Que ſi la plus petite eſt le tiers de la plus grande,
420 2158 2032 3034 elle rendra la doiziéme au· deſſus du ſon de la plus grande.
420 2158 2032 3034 z. Que ſi elle en eſt le einquiéme, elle rendra la dix
420 2158 2032 3034 ſeptiéme au- deſſus.
420 2158 2032 3034 De plus, ceſt une vérité démontrée & généralement
420 2158 2032 3034 adiſe , que plus une corde eſt petite, plus elle fait de vi-
431 2176 2028 2375 (b) Suppoſons deux cordes ſonores de mème matiere,
431 2176 2028 2375 de meme groſſeur & egalement tendues, mais negales
431 2176 2028 2375 en longueur, On trouvera par experience,
470 2375 2072 2565 18. Que ſi la plus petite eſt exactement la moitié de la
470 2375 2072 2565 plus grande, le ſon qu elle rendra ſera à loctave au- deſſus
470 2375 2072 2565 tlu ſon que rendra la plus grande.
454 2567 2021 2689 2. Que ſi la plus petite eſt le tiers de la plus grande,
454 2567 2021 2689 elle rendra la doiziéme au- deſſus du ſon de la plus grande.
475 2687 2060 2821 3. Que ſi elle en eſt le cinquiéme, elle rendra la dix
475 2687 2060 2821 ſeptiéme au-deſſus.
465 2814 2039 2969 De plus, ceſt une vérité démontrée & généralement
465 2814 2039 2969 adniie , que plus une corde eſt petite, plus elle fait de vi-
