2303 3551
508 286 604 381 84
741 287 1840 367 E1EMENS DE MvsI0vE
514 397 2083 495 me ſemble, en quelque maniere ſon origine
517 492 2078 586 dans le double emploi; car ſuppoſons ces
516 582 2084 679 deux accords conſécutifs ſol ſi re fa, ſol ſi r
516 675 2084 770 mi, où ſol eſt ſucceſſivement dominante toni-
517 768 2083 870 que, & ſous dominante, ceſt- à-dire où l'on
509 858 2087 964 paſſe du mode d'ut au mode de re; ſi on
508 950 2085 1053 change le ſecond de ces accords en accord
522 1043 2087 1122 de dominante ſuivant les loix du double em-
519 1129 2097 1239 ploi, on aura la cadence interrompue ſol ſi
530 1233 1164 1329 re fa, mi ſol ſi r.
676 1517 1940 1591 CHAPITRE XVIII.
935 1674 1699 1771 Du genre clromatique.
558 1844 2110 2027 Leae
548 1940 2112 2039 tale par quintes donne le genre
547 2032 2111 2127 diatonique ordinaire (Ciap. Vl.): or la tier-
544 2122 2111 2221 ce majeure étant une des harmoniques du
550 2215 2115 2309 ſon fondamental auſſi bien que la quinte, il
552 2240 2110 2403 XXXXEXa
557 2400 2118 2494 fondamentales par tierces majeures, comme
557 2491 2120 2564 nous avons formé des baſſes fondamentales
563 2591 983 2680 par quintes.
751 1852 921 2050 L
664 2672 2126 2768 139. Si done nous formons cette baſſe ut,
564 2769 2124 2863 mi, ſol , les deux premiers ſons portant
568 2861 2123 2953 chacun leurs tierces majeures & leurs quin-
569 2952 2131 3050 tes, il eſt évident que ut donnera ſol, & que
