2303 3528
512 312 560 383 4
707 289 1825 369 E1EMENSDE MvsIvE
601 394 2060 496 7. Ceſt pour cela qu'on a nommé demi-ton
504 544 2058 613 Dou il senſuit qu'il y a même intervalle d'ut à re, que
509 610 2058 682 de ſol à la; de re à mi, que de la à ſi, & de mi à fa, que
512 675 1593 745 de ſi à U.
505 733 2055 805 On trouvera de même que du rè au mi, du fa au ſol, il
500 804 2058 875 a le même intervalle que de lut au re. Pour s'en con-
478 867 2054 932 vaincre, il faudra d'abord chanter la gamme une fois, puis
501 934 2053 993 la chanter de nouveau en donnant à ut, dans ce nouveau
498 995 2053 1064 chant, le même ſon que lon a donné à re dans le premier;
506 1061 2052 1131 & lon sappercevra que le re du ſecond chant aura le mê-
499 1082 2049 1192 XXXXeX
505 1190 2048 1257 chant: d'où il s enſuit que lintervalle de re à mi eſt du
498 1254 2046 1321 moins ſenſiblement égal à celui d'ut à re. On trouvera de
498 1319 2046 1389 meme que l'intervalle de fa à ſol eſt ſenſiblement le mème
502 1389 994 1453 que celui d'ut à re.
491 1445 2045 1517 Cette expérience peut coùter quelque peine à faire
497 1512 2042 1580 quand on na pas une certaine habitude avec le chant: mais
499 1576 2043 1647 on pourra la faire très- facilement en ſe ſervant d'un Cla-
496 1640 2040 1712 vecin, par le moyen duquel on ſera diſpenlé de retenir
494 1705 2039 1769 les ſons. En touchant ſur ce Clavecin les cordes ſol, la,
482 1769 2037 1839 ſi, ut, & entonnant en même tems ut, re, mi, fa, enſorte
490 1833 2034 1903 que lon donne à ut le même ſon que celui de la corde ſol,
494 1898 2034 1969 on verra que re du chant ſera le même que la du Clavecin,
495 1971 578 2019 cc.
557 2027 2033 2100 On éprouvera auſſi ſur ce même Clavecin, que ſi on veut
490 2091 2031 2163 chanter la gamme en donaut à ut le meme ſon que mi, le
490 2156 2031 2227 te qui devra ſuivre ut, ſera très-ſenſiblement plus haut que
490 2220 2030 2292 le fa qui ſuit mi; aiuſi lon conclura que lintervalle du mi
489 2285 2028 2355 au fa eſt moindre que celui d'ut à re; & ſi on veut monter
487 2348 2027 2419 du fa à un autre ſon qui faſſe avec fa le même intervalle
486 2415 2026 2483 que fa fait avec mi, On trouvera de la même maniere, que
483 2478 2025 2543 l'intervalle de mi, à ce nouveau lon, eſt à peu près le mê-
483 2540 2025 2611 me que celui d'ut à re. Donc lintervalle de mi à fa eſt à
483 2610 1422 2678 peu près la moitié de celui d'ut à re.
547 2675 1579 2742 Donc, puiſque les deux demi- gammes
482 2768 1501 2836 ut, re, mi, fa,
577 2859 1376 2925 ol, la, i, T,
476 2953 2023 3028 ſont parfaitement ſemblables, & que les intervalles dut h
504 533 2058 618 Dou il s'enſuit quil y a mème intervalle d'ut à re, que
509 610 2058 682 de ſol à la; de re à mi, que de la à ſi, & de mi à fa, que
512 675 1593 739 de ſi à UT.
505 728 2055 805 On trouvera de même que du re au mi, du fa au ſol, il
500 804 2058 875 a le même intervalle que de lut au re. Pour s'en con-
499 867 2054 932 vaincre, il faudra dabord chanter la gamme une fois, puis
501 934 2053 993 la chanter de nouveau en donnant à ut, dans ce nouveau
498 995 2053 1064 chant, le même ſon que lon a donné à re dans le premier;
506 1061 2052 1131 & lon sappercevra que le re du ſecond chant aura le mê-
499 1082 2049 1192 XXXXeX
505 1190 2048 1257 chant: d'où il s enſuit que lintervalle de re à mi eſt du
498 1254 2046 1321 moins ſenſiblement égal à celui d'ut à re. On trouvera de
498 1319 2046 1389 meme que l'intervalle de fa à ſol eſt ſenſiblement le mème
491 1389 994 1457 que celui d'ut à re.
491 1445 2045 1517 Cette expérience peut coùter quelque peine à faire
497 1512 2042 1580 quand on na pas une certaine habitude avec le chant: mais
499 1576 2043 1647 on pourra la faire très- facilement en ſe ſervant d'un Cla-
496 1640 2040 1712 vecin, par le moyen duquel on ſera diſpenlé de retenir
494 1705 2039 1769 les ſons. En touchant ſur ce Clavecin les cordes ſol, la,
482 1769 2037 1839 ſi, ut, & entonnant en même tems ut, re, mi, fa, enſorte
490 1833 2034 1903 que lon donne à ut le même ſon que celui de la corde ſol,
494 1898 2034 2019 Verra que re du chant ſera le meme que la du Clavecin,
541 1988 578 2019 C.
557 2027 2033 2100 On éprouvera auſſi ſur ce même Clavecin, que ſi on veut
490 2091 2031 2163 chanter la gamme en donaut à ut le meme ſon que mi, le
490 2156 2031 2227 te qui devra ſuivre ut, ſera très-ſenſiblement plus haut que
490 2220 2030 2292 le fa qui ſuit mi; aiuſi lon conclura que lintervalle du mi
489 2285 2028 2355 au fa eſt moindre que celui d'ut à re; & ſi on veut monter
487 2348 2027 2419 du fa à un autre ſon qui faſſe avec fa le même intervalle
486 2415 2026 2483 que fa fait avec mi, On trouvera de la même maniere, que
483 2478 2025 2543 l'intervalle de mi, à ce nouveau lon, eſt à peu près le mê-
483 2540 2025 2611 me que celui d'ut à re. Donc lintervalle de mi à fa eſt à
483 2610 1422 2675 peu près la moitié de celui d'ut à re.
483 2670 1579 2742 Donc, puiſque les deux demi- gammes
482 2768 1501 2836 ut, re, mi, fa,
577 2859 1376 2925 ol, la, i, T,
476 2953 2023 3028 ſont parfaitement ſemblables, & que les intervalles dut h
