2303 3516
443 206 1589 338 TnEonivn E PnrrivvE.
1729 230 1827 354 9
413 458 1588 740 CHAPITRE IV.
413 458 1588 740 Ce que ceſt que dieze & bemol.
154 754 1853 1073 15. Leſt viſihle qu'on peut imaginer les cinq
154 754 1853 1073 e
154 754 1853 1073 partag c cun en deux emi tons, an1
383 764 450 969 J
195 1092 1881 3062 brations dans un même tems; par exemple, dans une heu-
195 1092 1881 3062 re, dans une minute, dans une ſeconde, &c. enſorte qu une
195 1092 1881 3062 corde qui eſt le tiers d'une autre, fait trois vibrations pen-
195 1092 1881 3062 dant que la plus grande nen fait qu'une. De même une
195 1092 1881 3062 corde qui eſt la moitié d'une autre, fait deux vibrations
195 1092 1881 3062 pendant que cette autre en fait une; & une corde qui nen
195 1092 1881 3062 ſeroit que la cinquieme partie, feroit cinq vibrations dans
195 1092 1881 3062 le même tems.
195 1092 1881 3062 De--là il s'enſuit que le ſon dune corde eſt d'autant
195 1092 1881 3062 plus ou d'autant moins aigu, que cette corde fait plus ou
195 1092 1881 3062 moins de vibrations dans un certain tems fixe; par exem-
195 1092 1881 3062 ple, dans une ſeconde.
195 1092 1881 3062 Ceſt pourquoi, ſi on repréſente un ſon quelconque par 1,
195 1092 1881 3062 on peut repreſenter loctave au-deſſus par 2, c eſt- à-dire,
195 1092 1881 3062 r le nombre de vibrations que fait la corde qui donn
195 1092 1881 3062 e.e m m
195 1092 1881 3062 même, on repréſentera la douziéme au -deſſus du ſon 1
195 1092 1881 3062 par 3, la dix-ſeptiéme majeure au-deſſus par 5, cc. Mais
195 1092 1881 3062 il faut bien remarquer que par ces expreſſions numériques,
195 1092 1881 3062 on ne prétend point comparer les ſons en eux- memes; car
195 1092 1881 3062 les ſons, en eux-mèmes, ne ſont que des ſenſations, &
195 1092 1881 3062 on ne peut pas dire qu'une ſenſation ſoit triple ou double
195 1092 1881 3062 d' une autre: ainſi les expreſſions , 2,, cc. employées
195 1092 1881 3062 pour déſigner un ſon, ſon octave au- deſſus, ſa douziéme
195 1092 1881 3062 au-deſſus, cc. ſignifient ſeulement que ſi une corde fait un
195 1092 1881 3062 certain nombre de vibrations dans une ſeconde, par exem-
195 1092 1881 3062 ple, la corde qui eſt à loctave au- deſſus en fera le double
195 1092 1881 3062 dans le même tems, la corde qui eſt à la douzieme aun
195 1092 1881 3062 deſlus en fera le iriple, &c.
230 1088 1934 1630 brations dans un même tems; par exemple, dans une heu-
230 1088 1934 1630 re, dans une minute, dans une ſeconde, &c. enſorte qu une
230 1088 1934 1630 corde qui eſt le tiers d'une autre, fait trois vibrations pen-
230 1088 1934 1630 dant que la plus grande nen fait qu'une. De même une
230 1088 1934 1630 corde qui eſt la moitié d'une autre, fait deux vibrations
230 1088 1934 1630 pendant que cette autre en fait une; & une corde qui nen
230 1088 1934 1630 ſeroit que la cinquieme partie, feroit cinq vibrations dans
230 1088 1934 1630 le même tems.
216 1611 1923 1889 De--là il s'enſuit que le ſon dune corde eſt d'autant
216 1611 1923 1889 plus ou d'autant moins aigu, que cette corde fait plus ou
216 1611 1923 1889 moins de vibrations dans un certain tems fixe; par exem-
216 1611 1923 1889 ple, dans une ſeconde.
226 1883 1851 3035 Ceſt pourquoi, ſi on repréſente un ſon quelconque par 1,
226 1883 1851 3035 on peut repreſenter loctave au-deſſus par 2, c eſt- à-dire,
226 1883 1851 3035 ec
226 1883 1851 3035 octave, tandis que l'autre corde fait une vibration: de
226 1883 1851 3035 même, on repréſentera la douziéme au -deſſus du ſon 1
226 1883 1851 3035 par 3, la dix-ſeptiéme majeure au-deſſus par 5, cc. Mais
226 1883 1851 3035 il faut bien remarquer que par ces expreſſions numériques,
226 1883 1851 3035 on ne prétend point comparer les ſons en eux- memes; car
226 1883 1851 3035 les ſons, en eux-mèmes, ne ſont que des ſenſations, &
226 1883 1851 3035 on ne peut pas dire qu'une ſenſation ſoit triple ou double
226 1883 1851 3035 d' une autre: ainſi les expreſſions , 2,, cc. employées
226 1883 1851 3035 pour déſigner un ſon, ſon octave au- deſſus, ſa douziéme
226 1883 1851 3035 au-deſſus, cc. ſignifient ſeulement que ſi une corde fait un
226 1883 1851 3035 certain nombre de vibrations dans une ſeconde, par exem-
226 1883 1851 3035 ple, la corde qui eſt à loctave au- deſſus en fera le double
226 1883 1851 3035 dans le même tems, la corde qui eſt à la douzieme aun
226 1883 1851 3035 deſlus en fera le iriple, &c.
