2303 3523
548 232 643 310 76
780 222 1864 311 ELEMENS DMMMsI0vE
544 335 2097 433 avec ut, ne ſe trouve point dans l'accord pré-
550 426 808 493 cédent.
642 516 2099 611 Il nen eſt pas de même quand l'accord r
544 605 2094 708 fa la ut ſuit laccord ut mi ſol ut; car ut, qui
549 697 2094 790 fait diſſonance dans le ſecond accord, ſe
549 791 2098 889 trouve comme conſonance dans le précé-
548 879 1811 957 dent.
647 974 2099 1067 121. En général la diſſonance étant un ou-
549 1065 2095 1155 vrage de lart (Clap. Al.), ſur-tout dans
549 1096 2098 1251 X r  tiXX —
548 1248 2098 1344 tonique, ou de ſous - dominante, le ſeul moyen
550 1335 2099 1436 d'empêcher qu'elle ne déplaiſe en paroiſſant
548 1430 2094 1526 trop étrangere à l'accord, c'eſt qu'elle ſoit,
547 1521 2098 1610 pour ainſi dire, annoncée à l'oreille en ſe
546 1612 2100 1709 trouvant dans laccord precédent, & qu'elle
546 1700 2098 1781 ſer e a là àl l deux accords: d'où ſuit
545 1729 1337 1878 t*
648 1863 2098 1985 12. Dans tout accord de ſeptiéme, qui
545 1974 2093 2076 n'eſt point accord de dominante tonique,
546 2065 2101 2165 c'eſt- à-dire (Art. 102.) qui n' eſt point com-
545 2157 2102 2251 poſé d'une tierce majeure ſuivie de deux tier-
548 2251 2102 2347 ces mineures, la diſſonance qui forme cet ac-
551 2337 2103 2420 cord doit ſe trouver comme conſonance dans
549 2425 1795 2520 l'accord qui précede.
644 2513 2101 2626 C'eſt ce que l'on appelle diſſonance pr-
545 2615 740 2690 paree.
544 2697 2106 2807 123. De- là il s'enſuit que pour préparer
550 2787 2103 2898 la diſſonance, il faut néceſſairement que la
551 2875 2104 2975 baſſe fondamentale monte de ſeconde comma
