2303 3558
513 237 619 328 78
749 231 1834 326 EtEMEs DE Ms00E
510 355 2087 454 que toute tonique portant laccord parfait
510 442 2089 542 majeur, peut être changée en dominante to-
512 538 2092 638 nique, ou en ſous-dominante, en y ajoûtant
514 627 1558 723 tout d'un coup la diſſonance.
749 916 1846 997 CHAPITRE XVI.
600 1085 1971 1192 De la regle de ſauνer les diſſonances.
519 1268 2083 1452 Nt Xt
911 1362 2085 1457 comment l'échelle diatonique, ſi
513 1454 2090 1548 naturelle à la voix, ſe forme par les harmo-
516 1547 2086 1645 niques des ſons fondamentaux; d'où il s'en-
516 1640 2085 1737 ſuit que la ſucceſſion la plus naturelle des
516 1732 2086 1825 ſons harmoniques eſt d'être diatonique: donc
514 1825 2084 1921 pour faire en quelque ſorte de la diſſonance
516 1917 2081 2017 un ſon harmonique le plus qu'il eſt poſſible,
516 2010 2081 2105 il faut que cette diſſonance, dans la partie
517 2101 2084 2190 de chant où elle ſe trouve, deſcende ou mon-
519 2196 2082 2291 te diatoniquement ſur une autre note, qui
519 2288 2084 2362 ſoit lune des conſonances de laccord ſuivant.
705 1272 880 1450 N
625 2381 2081 2476 126. Or elle doit plûtôt deſcendre que
518 2475 2083 2567 monter: en voici la raiſon. Prenons, par
516 2565 2084 2661 exemple, l'accord ſol ſi re fa ſuivi de l'ac-
519 2658 2078 2752 cord ut mi ſol ut; la partie qui a fait la diſ-
516 2749 2087 2847 ſonance fa doit deſcendre au mi plûtôt que
517 2841 2077 2937 monter au ſol, quoique l'un & l'autre de ces
512 2932 2083 3033 ſons mi & ſol ſe trouvent dans l'accord ſui
