2303 3540
466 234 1584 319 Tutonrovr Er PArrovr.
1718 257 1816 319 4
249 341 1812 438 majeure juſte d' VT& la quinte juſte de LA
250 439 1810 534 ou, ce qui revient au même, la quarte juſte
250 521 1030 598 de LA en deſcendant.
341 616 1807 713 65. Il a plus: ſi après avoir accordé ſuc-
246 705 1806 811 ceſſivement & alternativement à la quinte
247 797 1804 892 & à la quarte juſte l'une de l'autre, les cor-
241 886 1801 983 des T, SO, re, LA, mi, on continue
245 982 1799 1085 à accorder ſucceſſivement par quintes & par
292 1073 1794 1263 rrMet
221 1093 1799 1262 r e A e:
237 1257 1793 1356 vera qu'il s'en faut beaucoup que ce ſi ne
235 1341 1792 1450 faſſe loctave juſte du premier VT, & quil
232 1434 1790 1541 eſt plus haut que cette octave (t); cepen-
299 1649 1792 1720 (t) En efſet, ſi on accorde ainſi alternativement les
228 1720 1786 1836 tęs es oirns, vir e
249 1782 1760 1852 era le procedé de lopération.
297 1851 1792 1925 T, SOL quinte, re quarte, LA quinte, mi quarte, i
226 1914 1784 1988 quinte, fa quarte, ut quinte, ſol X quarte, RE X
225 1979 1780 2052 qumte, la X quarte, M ou FA quinte, ſi quarte;
225 2046 1784 2114 or on trouve par un calcul très-facile, que le premier T
218 2101 1774 2196 étant 1, S0L ſera , LA Z i, &c. & ainſi
217 2185 1774 2278 de ſuite juſquà ſ X, quon trouvera . Cette frac-
215 2271 1775 2348 tion eſt évidemment plus grande que le nombre 2, qui in-
212 2334 1772 2403 dique loctave juſte ut du ſon T; & loctave au- deſſous
213 2399 1770 2471 de X, ſeroit la moitié de cette même fraction, c'eſt-à-
212 2464 1766 2549 dire Z qui eſt évidemment plus grande que CT,
208 2547 1766 2637 repréſenté par lunité. Cette derniere fraction Z eſt
204 2630 1763 2696 compoſée de deux nombres: le haut de la fraction neſt
203 2697 1762 2771 aaute choſe que le nombre 3 multiplié 11 fois de ſuite par
202 2758 1760 2833 lui- même; & le bas eſt le nombre 2 multiplié 18 fois de
202 2823 1758 2895 ſuite par lui-même. Or il eſt évident que cette fraction,
201 2889 1757 2960 qui exprime la valeur du i , neſt point égale à lunité
203 2955 1757 3031 qui exprime la valeur du ſon VT, quoique ſur le claveein
298 1649 1792 1727 (t) En efſet, ſi on accorde ainſi alternativement les
228 1720 1786 1835 quintes & les quartes dans une meme octave, voici quel
249 1782 1760 1836 era le vrocedé de loération.
297 1851 1792 1925 T, SOL quinte, r quarte, LA quinte, mi quarte, i
226 1914 1784 1988 quinte, fa quarte, ut quinte, ſol X quarte, RE X
225 1979 1780 2052 qumte, la X quarte, M ou FA quinte, ſi quarte;
225 2046 1784 2114 or on trouve par un calcul très-facile, que le premier T
218 2101 1774 2196 étant 1, S0L ſera , LA Z i, &c. & ainſi
217 2185 1774 2278 de ſuite juſquà ſ X, quon trouvera . Cette frac-
215 2271 1775 2348 tion eſt évidemment plus grande que le nombre 2, qui in-
212 2334 1772 2403 dique loctave juſte ut du ſon T; & loctave au- deſſous
213 2399 1770 2471 de X, ſeroit la moitié de cette même fraction, c'eſt-à-
212 2464 1766 2549 dire Z qui eſt évidemment plus grande que CT,
208 2547 1766 2637 repréſenté par lunité. Cette derniere fraction Z eſt
204 2630 1763 2696 compoſée de deux nombres: le haut de la fraction neſt
203 2697 1762 2771 aaute choſe que le nombre 3 multiplié 11 fois de ſuite par
202 2758 1760 2833 lui- même; & le bas eſt le nombre 2 multiplié 18 fois de
202 2823 1758 2895 ſuite par lui-même. Or il eſt évident que cette fraction,
201 2889 1757 2960 qui exprime la valeur du i , neſt point égale à lunité
203 2955 1757 3031 qui exprime la valeur du ſon VT, quoique ſur le claveein
