2209 2765
267 197 1692 256 tinentur, qtuorum termini ſunt pares, mpares , pariterimpares. Nete
266 247 1686 320 enim par esf quià i2. numero exprimitur. Pammeſe impar quià 9.
264 312 1689 384 Meſa pariter par: quià 12. Hpate pariter impar quià 6. His
262 374 1690 450 ergò mtionibus atq partibus conflata harmonia, ſibr toti, ommbusq
253 439 1689 517 partibus conſonat. ſed & ſenſs &c: orrò autem ex hi planum fit,
254 503 1689 578 priſcis haud injuri ddpracipuè curæ fuiſſe, ut adoleſcentes muſicâ
263 568 1689 644 diſciplinâ imbuerent. Forum enim animos exiſtimabat Muſicæ opera
250 632 1690 709 fingi atg concinnari ad decorum poſſe: quippè quòd Muſica ut ad omia,
264 698 1683 773 amnemq ſeriam actionem utils eſſet, ita in prims ad bellica pericula.
265 804 1688 887 ERANOISOUS PATRITIUS SENENS1S
268 888 1444 965 Epiſcopus in Epitome Comment: ſui.
373 1017 1692 1094 Muſica in civitate liberâ admittenda eft, etiamſi nihil aliud
267 1084 1686 1164 quàm delectationem præ ſe ferret. Non enim in negocio ſemper eſſe poſ
261 1149 1688 1227 ſumus. Et bujuſmodi oblectatio in negocio honeſtiſima eft. Nam
264 1210 1692 1286 ut eleganter icero ait: Liberi homins oficium eſt, aliquando nihil
267 1273 1689 1357 agere & animum ab diuturnâ cum revocare, quò quidem inprims facit
267 1336 1491 1416 Muſica, ut laborum arumnarum aliquando obliviſcamur.
799 1402 1153 1457 Idem ibidem.
282 1470 1691 1546 Muſicæ diſciplinam ytbagoas putat non inventum hominum eſſe,
256 1536 1691 1611 ſed opificis mundi, qui orbes cœleſtes harmoniam quandam inter vallis ac
264 1598 1689 1663 commotionibus ciere commonefecerit, ex qu humana Muſica manarit:
266 1661 1689 1745 quæ quidem Muſica civili viro utilieſt, & non modò animum oblectat,
269 1721 1691 1800 verùm etiam ingenium fovet, & promptiores alacriofesg vires reddit,
266 1792 1684 1875 uon ſolùm ad rem militarem, verùm ad ſumma qu nogocia obeund.
350 1859 1612 1937 Quinetiam à æone & nonnullis alius medicu, grotos pene de-
337 1924 1491 1999 ſpeaate ſalutis, Muſicæ oblectaments cumtos fuſſe
256 1991 1436 2062 legimus, & inſanos quoſdam mentis com-
620 2056 1162 2125 tes fuiſſe factos.
1556 2184 1682 2234 Erra.
