2167 2765
1130 515 1381 573 Reductio.
950 768 1557 838 DE PVTI
659 853 1961 917 PuicTuS. ad eam literam, ad quam nota, cui adhæ-
556 915 1962 986 ret, redncitur: & pro ut eſt valor puncti, ita punctus vel
555 980 1960 1048 olu plet, vel unà cum aliquâ notâ columnam com-
558 1043 1925 1115 plet; ac vel ſignô caput notatur: vel minus.
560 1105 1965 1171 () Quaudo punctus eandem columnam cum notã cui
558 1169 1965 1239 adhæret, non complet, Lineolâ - Intercalari Notæ alli-
558 1224 1946 1304 gatur.
559 1292 1957 1361 (3) Si contrarium accidit, Circumflexus A & Notæ &
560 1364 1964 1430 Puncti Literarum connexionem peragit, capite earundsm
561 1435 948 1481 innitens.
1105 1490 1452 1572 Exempl
1004 2060 1533 2124 D PVI.
567 2140 1968 2211 f) PuSARM tres priores non aliter ad puncta re.
565 2208 1965 2275 ducuntur, quàm ad literas Notæ quatuor, ex octo, priores.
566 2272 1966 2339 () PAuSARu M poſteriores tres relinent figurativam
1843 2338 1965 2387 ſuam
