2193 2767
559 455 1879 536 Incharacteriſmô planè pari modô. ef] ſoGa
540 529 1883 601 Voce per MI FAin aſcenſum, vel modô quô id com-
451 593 1436 664 modiſsimè fieri poteſt, uſu com paratô.
564 662 1892 728 De hôc ſemitoniô bic agimus. Idipſum ut plurimum bi in Modi
449 725 1885 795 alicujus diapasôn occurrit. Quoniam verò non eadem loca perpetuò oc-
453 790 1894 860 cupet, eorum diſtinctio, quaæ inde venit, probè eſt obſervanda, undè
457 854 1893 925 eveniet, quòd verâ illius cognitione Modus alius pro aliò non reputabi-
458 918 1379 991 tur, conſuſoo Mdorum haud erit ſperand.
572 982 1786 1050 Situum differentiæ Modos, inter quos quædam
730 1047 1613 1105 intercedit ſimilitudo, ſic diſcernunt.
469 1392 1937 1464 eliqui Modi nee ſibi nec illis in neut Ambitus dimidiâ parto
470 1460 1908 1526 conſimiles ſunt. Ambituum enim ſuorum, ſicut & Mediationum in
471 1523 1907 1591 terminis Hemitona vel ſubſiſtunt, vel motus intervallorum, inter qua
463 1586 1900 1661 id primum eſt, agunt. Specifca itag illorum differentia, quâ ab aliis
462 1652 1908 1723 ſecernantur, non ita manifeſta datur, atg ob id non tam hi, quam illi,,
461 1718 1900 1786 conſuſioni ſunt obnaii. Niſi fortè diſcrimen quiſpiam exactius conſti-
476 1803 598 1839 tuat.
899 2058 1498 2142 DE IT0.
592 2141 1906 2202 F ISII DXibi ſtatuitur, ubi in Authentis infima
485 2208 1906 2278 Ambitus extremitas, & in Plagiis Mediatio plenariâ clau-
486 2273 1905 2344 ſulæ Triphonæ formationis introductione, finem modu-
485 2346 820 2398 landi infert-
1734 2339 1910 2389 HNl
