2208 2765
797 221 1083 291 Reduclio.
350 464 1493 564 DE OTI EAVMDE
773 542 1122 617 reductione.
225 622 1648 891 Nota reducitur, ideſt, replicatur ſive convertitur (Eft
225 622 1648 891 enim Reductio mil niſi converſionotæ in litera, ſiye literæ in notam, ſonõ
225 622 1648 891 eadem manente) ad eam literam, cujus illa locum in S c LA
225 622 1648 891 occupat--
773 888 1108 976 Exemplum.
775 1226 1129 1304 Declaratio.
229 1307 1646 1525 Prima⸗ NTA occupat locum d. educitur illa idcircò ad d.
229 1307 1646 1525 Secunda u: educitur & illa ſimiliter ad x. Et ſic conſequenter reliqu
229 1307 1646 1525 ad litems eas, quarum ſedibus ſunt infix, reducuntur.
383 1567 1475 1665 DE OTI PRORIB.H
781 1667 1072 1749 quor.
224 1715 1647 2184 c Norum vriores auo . . .
224 1715 1647 2184 ad tactus depreſslonem accedentes, in tot columnas
224 1715 1647 2184 ( LVMNA eft (4) illa omnium vocum connexa conjunctio
224 1715 1647 2184 ad perpendiculum facta ex integro tactu conſtans) reſolvunt ur,
224 1715 1647 2184 quot tactibus earum quælibet valet.
784 2224 1094 2312 xemplum.
1028 2290 1635 2423 2 ac
