2154 2765
459 199 1917 614 Tertium dicitur CoroRAru ſeu FtoRIDu M,
459 199 1917 614 quòd ſub rmenſurâ inæqualis quantitatis, & quidem euſ-
459 199 1917 614 modi ſonis utatur, quad notas coloratas reducuntur, unde
459 199 1917 614 & plurium talium Notarum ſub unum tactum collectio,
459 199 1917 614 coloratura vulgò dicitur. jus exempla ſunt cantilene, qus
459 199 1917 614 Itals dicuntur Vilanellæ, Madrigali ec.
462 577 1944 904 Ad oculum autem cujuslibet eorum unicum (onſtruftum, & decla-
462 577 1944 904 randi grmtiâ hic advocandum, adjunximus, quod illud, quô Cromatici
462 577 1944 904 Geners chamcter exprimitur, & notificatur, e etgio paulo poft ſub-
462 577 1944 904 ſequetur.
854 875 1526 975 AD LEOTOREM.
463 975 1939 1269 Qandouidem intelleximus pagellas quaſdam futuis eſſe vacuur,
463 975 1939 1269 e typogn pho completionem monenti à nobis mos gerendus fuit, viſum eſt
463 975 1939 1269 E eltentiſimorum quorundam irorum de rebus quibuſdam muſicis
463 975 1939 1269 ſententias ills inſerere.
559 1257 1830 1415 jÜDICIM D. MART. LUTHERI
559 1257 1830 1415 de Antiphono Hracto:
471 1373 1921 2007 Vbi (inquit) tandem acceſſerit ſludium, & Muſica Artificial,
471 1373 1921 2007 quæ Natumlem corrigat, excolat & explicet; hic tandem guſtare cum
471 1373 1921 2007 ſtipore licet (ſed non comprehendere) abſolutam e perfectiſimam ſa-
471 1373 1921 2007 pientiam Dei in opere ſuo miabili Muſica. In quo genere boc excellit,
471 1373 1921 2007 quòd unâ & eâdem voce canitur ſuo tenore pergente, pluribus interim
471 1373 1921 2007 vcibus circumcimà miambiliter ludentibus, exultantibus & jucundiſi-
471 1373 1921 2007 mis geſtibus eandem ornantibus, & velut juxta eam divinam quandam
471 1373 1921 2007 choræam ducentibus: ut is, qui ſaltem modice afſiciuntur, niibil miabi-
471 1373 1921 2007 libus hoc ſeculô exſtare videatur.
595 1975 1805 2140 PLUTARCIS DE MuS1CA A
595 1975 1805 2140 Xylancro interprete redditus.
470 2111 1928 2418 Hs ergò partibus atg numeris harmonia de Ariſtotels ſententi
470 2111 1928 2418 componicur. Idem optimè ex Infnititi paris & impars
470 2111 1928 2418 at4 pariter imparis naturâ eandem conſtituit, ejusq partes. Tot enim
470 2111 1928 2418 ar eft, cùm conſiet quatuof terins, partes ipſius, proportinibus con-
1700 2378 1923 2448 tinentur,
