<pc:PcGts xmlns:pc="http://schema.primaresearch.org/PAGE/gts/pagecontent/2019-07-15" xmlns:xsi="http://www.w3.org/2001/XMLSchema-instance" xsi:schemaLocation="http://schema.primaresearch.org/PAGE/gts/pagecontent/2019-07-15 http://schema.primaresearch.org/PAGE/gts/pagecontent/2019-07-15/pagecontent.xsd">
    <pc:Metadata>
        <pc:Creator>OCR-D/core 2.4.4</pc:Creator>
        <pc:Created>2020-06-14T20:41:43</pc:Created>
        <pc:LastChange>2020-06-14T20:41:43</pc:LastChange>
        <pc:MetadataItem type="processingStep" name="preprocessing/optimization/binarization" value="ocrd-olena-binarize">
            <pc:Labels>
                <pc:Label value="sauvola" type="impl"/>
                <pc:Label value="0.34" type="k"/>
                <pc:Label value="101" type="win-size"/>
            </pc:Labels>
        </pc:MetadataItem>
        <pc:MetadataItem type="processingStep" name="preprocessing/optimization/cropping" value="ocrd-anybaseocr-crop">
            <pc:Labels>
                <pc:Label value="True" type="force"/>
                <pc:Label value="0.04" type="colSeparator"/>
                <pc:Label value="0.3" type="maxRularArea"/>
                <pc:Label value="0.05" type="minArea"/>
                <pc:Label value="0.01" type="minRularArea"/>
                <pc:Label value="0.75" type="positionBelow"/>
                <pc:Label value="0.4" type="positionLeft"/>
                <pc:Label value="0.6" type="positionRight"/>
                <pc:Label value="10.0" type="rularRatioMax"/>
                <pc:Label value="3.0" type="rularRatioMin"/>
                <pc:Label value="0.95" type="rularWidth"/>
                <pc:Label value="page" type="operation_level"/>
            </pc:Labels>
        </pc:MetadataItem>
        <pc:MetadataItem type="processingStep" name="layout/segmentation/region" value="ocrd-tesserocr-segment-region">
            <pc:Labels externalModel="ocrd-tool" externalId="parameters">
                <pc:Label value="-1" type="dpi"/>
                <pc:Label value="True" type="overwrite_regions"/>
                <pc:Label value="0" type="padding"/>
                <pc:Label value="False" type="crop_polygons"/>
                <pc:Label value="True" type="find_tables"/>
                <pc:Label value="False" type="sparse_text"/>
            </pc:Labels>
        </pc:MetadataItem>
        <pc:MetadataItem type="processingStep" name="layout/segmentation/line" value="ocrd-tesserocr-segment-line">
            <pc:Labels externalModel="ocrd-tool" externalId="parameters">
                <pc:Label value="-1" type="dpi"/>
                <pc:Label value="True" type="overwrite_lines"/>
            </pc:Labels>
        </pc:MetadataItem>
        <pc:MetadataItem type="processingStep" name="layout/segmentation/region" value="ocrd-cis-ocropy-clip">
            <pc:Labels externalModel="ocrd-tool" externalId="parameters">
                <pc:Label value="line" type="level-of-operation"/>
                <pc:Label value="-1" type="dpi"/>
                <pc:Label value="0.7" type="min_fraction"/>
            </pc:Labels>
        </pc:MetadataItem>
        <pc:MetadataItem type="processingStep" name="recognition/text-recognition" value="ocrd-calamari-recognize">
            <pc:Labels externalModel="ocrd-tool" externalId="parameters">
                <pc:Label value="/data/models/calamari/GT4HistOCR/*.ckpt.json" type="checkpoint"/>
                <pc:Label value="confidence_voter_default_ctc" type="voter"/>
                <pc:Label value="line" type="textequiv_level"/>
                <pc:Label value="0.001" type="glyph_conf_cutoff"/>
            </pc:Labels>
        </pc:MetadataItem>
    </pc:Metadata>
    <pc:Page imageFilename="OCR-D-IMG/Burmeister_1599-71.png" imageWidth="2154" imageHeight="2765" type="content">
        <pc:AlternativeImage filename="OCR-D-IMG-BIN/OCR-D-BIN_Burmeister_1599-71-BIN_sauvola.png" comments="binarized"/>
        <pc:AlternativeImage filename="OCR-D-IMG-CROP/OCR-D-IMG-CROP_Burmeister_1599-71.png" comments="binarized,cropped"/>
        <pc:Border>
            <pc:Coords points="481,269 1932,269 1932,2356 481,2356"/>
        </pc:Border>
        <pc:ReadingOrder>
            <pc:OrderedGroup id="reading-order">
                <pc:RegionRefIndexed index="0" regionRef="region_id_0"/><pc:RegionRefIndexed index="1" regionRef="region_id_1"/><pc:RegionRefIndexed index="2" regionRef="region_id_2"/><pc:RegionRefIndexed index="3" regionRef="region_id_3"/><pc:RegionRefIndexed index="4" regionRef="region_id_4"/><pc:RegionRefIndexed index="5" regionRef="region_id_5"/></pc:OrderedGroup>
        </pc:ReadingOrder>
        <pc:TableRegion id="region_id_0"><pc:Coords points="513,180 486,241 486,707 1943,728 1943,178 513,180"/><pc:TextEquiv><pc:Unicode></pc:Unicode></pc:TextEquiv></pc:TableRegion><pc:TextRegion id="region_id_1" type="paragraph"><pc:Coords points="493,750 1933,755 1931,901 1459,905 1419,950 1284,954 1245,973 1219,951 902,954 883,973 860,950 744,961 712,969 697,954 493,959 493,750"/><pc:TextLine id="region_id_1_line0000"><pc:Coords points="493,750 1933,755 1931,901 1459,905 1419,950 1284,954 1245,973 1219,951 902,954 883,973 860,950 744,961 712,969 697,954 493,959 493,750"/><pc:TextEquiv conf="0.9373553991317749"><pc:Unicode>Secundum dicitur Di ro cuM, quod ſimplicia</pc:Unicode></pc:TextEquiv></pc:TextLine><pc:TextLine id="region_id_1_line0001"><pc:Coords points="493,750 1933,755 1931,901 1459,905 1419,950 1284,954 1245,973 1219,951 902,954 883,973 860,950 744,961 712,969 697,954 493,959 493,750"/><pc:TextEquiv conf="0.9843834638595581"><pc:Unicode>intervalla per Tonum &amp; Dieſin digredientia, tum &amp; ex</pc:Unicode></pc:TextEquiv></pc:TextLine><pc:TextLine id="region_id_1_line0002"><pc:Coords points="493,750 1933,755 1931,901 1459,905 1419,950 1284,954 1245,973 1219,951 902,954 883,973 860,950 744,961 712,969 697,954 493,959 493,750"/><pc:TextEquiv conf="0.9955157041549683"><pc:Unicode>illis compoſita pro charactere gerit</pc:Unicode></pc:TextEquiv></pc:TextLine><pc:TextEquiv><pc:Unicode>Secundum dicitur DIATONICUM, quod ſimplicia
intervalla per Tonum &amp; Dieſin digredientia, tum &amp; ex
illis compoſita pro charactere gerit</pc:Unicode></pc:TextEquiv></pc:TextRegion><pc:TextRegion id="region_id_2" type="paragraph"><pc:Coords points="486,974 486,1150 672,1145 716,1101 1954,1110 1948,940 1311,960 1251,981 1197,957 909,959 891,987 855,959 714,981 671,961 486,974"/><pc:TextLine id="region_id_2_line0000"><pc:Coords points="486,974 486,1150 672,1145 716,1101 1954,1110 1948,940 1311,960 1251,981 1197,957 909,959 891,987 855,959 714,981 671,961 486,974"/><pc:TextEquiv conf="0.9901282787322998"><pc:Unicode>Ejus exempla ſunt omnes ferè cantilenæ, quæ in lucem hactenu</pc:Unicode></pc:TextEquiv></pc:TextLine><pc:TextLine id="region_id_2_line0001"><pc:Coords points="486,974 486,1150 672,1145 716,1101 1954,1110 1948,940 1311,960 1251,981 1197,957 909,959 891,987 855,959 714,981 671,961 486,974"/><pc:TextEquiv conf="0.9510107636451721"><pc:Unicode>prodierunt, except paucs &amp; potißimum is quæ Fictæ a nonnullis di-</pc:Unicode></pc:TextEquiv></pc:TextLine><pc:TextLine id="region_id_2_line0002"><pc:Coords points="486,974 486,1150 672,1145 716,1101 1954,1110 1948,940 1311,960 1251,981 1197,957 909,959 891,987 855,959 714,981 671,961 486,974"/><pc:TextEquiv conf="0.7939132452011108"><pc:Unicode>cuntur.</pc:Unicode></pc:TextEquiv></pc:TextLine><pc:TextEquiv><pc:Unicode>Ejus exempla ſunt omnes ferè cantilenæ, quæ in lucem hactenus
prodierunt, exceptis paucis &amp; potißimum is quæ Fictæ à nonnullis di-
cuntur.</pc:Unicode></pc:TextEquiv></pc:TextRegion><pc:TextRegion id="region_id_3" type="paragraph"><pc:Coords points="497,1179 498,1473 1029,1480 1040,1420 1949,1420 1964,1133 789,1133 694,1149 612,1151 497,1179"/><pc:TextLine id="region_id_3_line0000"><pc:Coords points="497,1179 498,1473 1029,1480 1040,1420 1949,1420 1964,1133 789,1133 694,1149 612,1151 497,1179"/><pc:TextEquiv conf="0.9071276187896729"><pc:Unicode>Tertium dicitur CuRo T Icu quod intervallo-</pc:Unicode></pc:TextEquiv></pc:TextLine><pc:TextLine id="region_id_3_line0001"><pc:Coords points="497,1179 498,1473 1029,1480 1040,1420 1949,1420 1964,1133 789,1133 694,1149 612,1151 497,1179"/><pc:TextEquiv conf="0.9953827261924744"><pc:Unicode>rum gradus tam ſimplices quam compoſitos per utraque</pc:Unicode></pc:TextEquiv></pc:TextLine><pc:TextLine id="region_id_3_line0002"><pc:Coords points="497,1179 498,1473 1029,1480 1040,1420 1949,1420 1964,1133 789,1133 694,1149 612,1151 497,1179"/><pc:TextEquiv conf="0.9744479060173035"><pc:Unicode>ſemitonia motos pro charactere gerit chromatibus ſive ſe-</pc:Unicode></pc:TextEquiv></pc:TextLine><pc:TextLine id="region_id_3_line0003"><pc:Coords points="497,1179 498,1473 1029,1480 1040,1420 1949,1420 1964,1133 789,1133 694,1149 612,1151 497,1179"/><pc:TextEquiv conf="0.9903560280799866"><pc:Unicode>mitoniorum figuris notata, qualiter illi hoc ſchemate ſint</pc:Unicode></pc:TextEquiv></pc:TextLine><pc:TextLine id="region_id_3_line0004"><pc:Coords points="497,1179 498,1473 1029,1480 1040,1420 1949,1420 1964,1133 789,1133 694,1149 612,1151 497,1179"/><pc:TextEquiv conf="0.9730356931686401"><pc:Unicode>ad oculum delineati.</pc:Unicode></pc:TextEquiv></pc:TextLine><pc:TextEquiv><pc:Unicode>Tertium dicitur CHROMATICUM quod intervallo-
rum gradus tam ſimplices quam compoſitos per utra[q+aigu]ue
ſemitonia motos pro charactere gerit chromatibus ſive ſe-
mitoniorum figuris notata, qualiter illi hoc ſchemate ſint
ad oculum delineati.</pc:Unicode></pc:TextEquiv></pc:TextRegion><pc:TableRegion id="region_id_4"><pc:Coords points="511,1510 1944,1515 1959,2181 501,2201 511,1510"/><pc:TextEquiv><pc:Unicode/></pc:TextEquiv></pc:TableRegion><pc:TextRegion id="region_id_5" type="footer"><pc:Coords points="1757,2252 1931,2272 1931,2356 1742,2348 1757,2252"/><pc:TextLine id="region_id_5_line0000"><pc:Coords points="1757,2252 1931,2272 1931,2356 1742,2348 1757,2252"/><pc:TextEquiv conf="0.7872482538223267"><pc:Unicode>nter.</pc:Unicode></pc:TextEquiv></pc:TextLine><pc:TextEquiv><pc:Unicode>Inter-</pc:Unicode></pc:TextEquiv></pc:TextRegion></pc:Page>
</pc:PcGts>