2209 2765
530 239 1931 325 igitur ex diuerz tuntummodo ſitu Semitoniorum in cantibus tam diterſiu
530 305 1930 382 ſequutus ſit in animis hon inum affectus: cur & nos idem in noſtrarum cin-
530 359 1928 430 tionum modulutione non experimur? cur idem ctus atuiens rdine omitm
530 420 1929 496 Modorum diſtinctas cantiones, vix ſentiat aſfectus anii mutari, & aut ala-
530 478 1929 555 criores aut triſtiores ſieri: niſi ſortè voces inſtrumentave Muica intenduntur
532 536 1930 603 aut leniantur, aut altô mod mutentur: Sel quod ex huiuſ nodi ſonorum mlt-
531 592 1930 659 tatione in animis hominum reſidet, id non Molorum, ſed vocum diuerſitati tri-
533 649 1929 718 huendum eſt. Deinde cur præſtantißimi Muſici eundem textum alijs t,
535 708 1929 776 deo naturâ diuerſis Molis attribuunt, vtpote qui verba grauutate pollentia
534 750 1929 842 tai remiſis quam cxcitati Modi accommodant. Verumenimvero utlſeſe re
537 821 1930 898 habet illi certè gratia eſt habenda, qui dotes a Deo ſibi conceßas eo referunt,
538 876 1931 956 ut artes, ad quas ſtudium ſuum & operam cotulerunt, redlant paulatim f-
538 944 1894 1013 ciliores & illuſtriores. Vale. Datum Roſt ochj 7. Idus Auguſti. Anno 99.
826 1004 1824 1059 M. STATIVS OLTHOFF, Prorector
1142 1059 1615 1112 Scholeæ Roſtochienſis.
984 1250 1354 1303 Auclor Lectori S.
583 1267 696 1376 O
697 1320 1161 1377 Vod, Lector, ſolidum, bone,
546 1376 1209 1434 4rtis gctiſan non ſequimur modum;
586 1439 1078 1494 Conſtat nec tenor integer,
543 1492 1178 1552 4 quem Mnemoſne fertilis ingeni
591 1553 1013 1607 Doctè concipit ac parit
546 1609 1174 1668 A7tes ingenuas: te moyeat minus.
574 1667 1107 1727 Techne hic ſeryiet haud labor,
543 1726 1212 1782 ed Mneme, titilus premonet utlibri.
578 1786 1111 1842 Namquè arctæ breuitati e
540 1835 1181 1899 Hlæc ſemper peramans: Illa ſideliùs
583 1895 1107 1953 Tractat ; ſummaquè pondera
540 1951 1178 2017 Kerum dexteriùs penſitat; ordini
574 2022 1015 2079 Claram ſuſpicit ac tenet
544 2075 1163 2138 Oignè perſp icui magnificentiam.
578 2134 1082 2194 Quare, ſi paribus benè
542 2187 1215 2255 emper ionyeniat cum paribus; iuutt
1307 1307 1809 1356 Et Mnemen breuitas; bona
1259 1361 1928 1417 At Tehnen metholus iture bono breye
1282 1424 1774 1483 Po illi ſtudium: neuè
1248 1480 1875 1537 Inca'ius fugio, quæ brevitas fugit.
1286 1540 1727 1594 Huius ſacra aeuntibus
1249 1599 1828 1658 Monſtraturus iter pone meabile,
1298 1664 1688 1715 De lucam comitantia
1252 1712 1923 1778 Artis que ſolitum,fila habeant modũ.
1283 1778 1784 1820 Mirare haul nomin
1257 1828 1930 1888 Rebus Melpomenes indita egentibuu.
1295 1886 1763 1946 Rerum plurimus uſus et,
1260 1947 1925 2006 Qui quanlo eſt, licitũ eſt nomina fin-
1293 2006 1925 2066 Fu, quod ſualet & quitas, (gere.
1252 2061 1925 2123 Et mens æqua, molò candidis feras
1299 2125 1925 2179 Cenſuram, exitiabili (tas.
1250 2182 1925 2243 Quam Momi mala nunc noyit iniqui-
1657 2289 1928 2344 TIOMNII.
