2208 2765
266 235 1679 293 literas (quod vernaculâ abſetzen vocamus); de concordantiis & diſcordatijs
264 293 1678 352 muſicis: ex quibus illæ yulgo in perſectas, quæ ſe mutuò inuicem ſequi non poſ-
261 352 1676 411 ſunt, niſi inſima vox deſcendat, ſuprema aſtendat. v. g. () & imperſe.
266 411 1679 468 ctas quæ ſe mutuò ſequi poſunt. Diſcordantijs autem fere nullus est locus, niſi
269 470 1678 525 in clauſulis formalibus quas voc ant. Imprimis verò placuit mihi doctrina de
267 526 1673 585 Modis & Figuris: & quoi in harum tractatione Molos Fugarum tùm ſimpli-
265 587 1675 645 cium, tùm coniunctarum (Coniunctas autem voco, quæ per concordantias fiunt)
264 645 1674 703 ex tam infinir fere multitudine, aliquot conſtituerit, eosq oratorijs vocabulis
266 705 1672 762 appellauerit. Quare ipſi meo nomine gratias ages, & ut hoc bono publicum
266 762 1673 812 bonum iuuare velit, eum excitabis, & currenti calcaia addes. B. V. amice
266 823 372 863 Stati.
411 823 995 878 ex Muſeo. 7. Iul. Anno 1599.
496 879 1648 926 T. IOHANNESSIMONIVSin Academia
639 936 1593 984 Roſtochienſi Oratoriæ Facultatis Profeſſor.
376 1058 1569 1116 M. IOOAACCHMMO BlRMEISTERO,
537 1124 1392 1189 amico & Collegæ ſuo colendo. S.
262 1189 348 1303 P
356 1190 1672 1245 Erlegi, doctiß. Dne. M. Ioachime, tuam ίdlip,uti vocasMuſicæ Poi.
349 1246 1672 1300 ticæ: quâ non tantùm rationem componendi cantum: vel leges Conſonanti-
265 1302 1670 1358 arum ſyntacticas, & modos muſicos tùm Schematibus: tùm accurrati diviſi.
267 1362 1670 1422 onibus cognoſcendos proponis: verum etiam omnia aptis & convenientibus vo.
263 1424 1675 1483 cabulis, ex Rhetorum officina, alijsq; artibus leſumptis, enuntias, ut eo minor in
266 1482 1672 1541 vocum ambiguitatibus exiſtat error hæſitatio. Etſi autem ſine dubio defu-
263 1541 1671 1598 turi non ſunt, quibus hæc ob novitatem terminorum non omnino probabuntur:
261 1601 1672 1656 tamen cum ex hiſce tuilucubrationibus non exiguus fructus ad rem literariam
265 1658 1656 1716 eſt perventurus; atq; omnes Philomuſi rem gratißimam ſibi fieri haud nega
266 1718 1672 1775 bunt; non poßum te non hortari, ut in tuo inſtituto pergas & ec præcepta typi
263 1777 1670 1835 excudenda atq; cim alijs comminicanda, tanquam Bonum Commune, cures.
266 1833 1669 1892 Vtinam tali ſimili; ſtudio hæc tota ars penitus indagari c cognoſci queat.
264 1887 1670 1951 Et ſi enim cognitio & diſcrimen Modorum tùm ex ià ů Mediatione tùm
263 1947 1671 2011 ex poſitu Seimitoniorum perſpicitur, atq; ideò ſingulis modi ſua vis at; effica-
261 2005 1671 2067 cia, tanquam propri attribuitur: hanc tamen an ſolus ſemitoniorum poſitus
264 2066 1667 2129 non minus creet, quam ipſos Modos inter ſe diſcriminet, non abs re quæritir.
264 2124 1661 2187 Conſt at enim ex antiquis ſcriptoribus, proprietates Modorum apud ve
263 2184 1668 2244 teres ita mclulando eſſe expreſſas, ut non tantum aures, attingerent: Verum
265 2241 1665 2303 etiam al cor penetrarent: unde affectus hominum vel ardentiores vel re-
261 2301 1663 2367 mißiores yel grauiores yel leuiores aut etiam triſtiores, &c. extiterint. Si
