2209 2765
493 164 1953 1323 c.8 aliis oui alterius illius jam antè participes ſunt redditi, &
493 164 1953 1323 deinceps fortè reddentur. Eam vobis more & inſtituto veteri nun
493 164 1953 1323 cupo. Auſus autem id ſum cùm ob celebritatem animi benevoli,
493 164 1953 1323 favoris, & amoris in alumnos Mularum perpetui veſtri, partim
493 164 1953 1323 per præſtantes quoſdam viros mihi commendati; partim
493 164 1953 1323 a me ipſo olim noti facti: tùm ob veſtram im rme, meosq; benefcia
493 164 1953 1323 collata. Vos autem obnixè etiam atq; etiam rogatos volo,ut, cum
493 164 1953 1323 ingenuarum artium ſitis amantiſsimi, hoc literarium munus quam
493 164 1953 1323 vile etiam ſit, æqui bonique conſulere, & idipſum, velut Dn im-
493 164 1953 1323 mortales Numæ fictiles urnulas & capidines non minus atque
493 164 1953 1323 aliorum aurea vaſa benevolo animo ſuſcepère, accipere, tueri, & ab
493 164 1953 1323 oſorũ injuriis defendere non velitis dedignari. Quod ſi fiet, & multi
493 164 1953 1323 id fieri intellexerint, non procul aberit, quin hæc ars, e poſtliminio
493 164 1953 1323 elut multorum ſtudiô adhibitô & augmentô additô recipi, & ad
493 164 1953 1323 r:tXtXe t—
493 164 1953 1323 . dienu goa ut fat, faxit Deus ter opt. max. cuius & hae
493 164 1953 1323 honori præcipue ſerviat, cui & vos, veſtræque familiæ,
493 164 1953 1323 n ti nie⸗ i—
493 164 1953 1323 ůiei. sems. umoiuis i⸗.
548 1361 1947 1592 N. C. &A. V.
548 1361 1947 1592 addictißi m us e ſtudioſißimus
548 1361 1947 1592 M. Ioachimus Burmei ſterus Lunæburg.
548 1361 1947 1592 collaborator Scholæ Roſtoch.
532 1709 1981 1993 Doctiſsio viro, pietate atque virtute præ-
532 1709 1981 1993 ſtanti. Dn. M. STA T10O1TOF10, Scholæ
532 1709 1981 1993 Roſtochienſis Prorectori, Dn. & amico
532 1709 1981 1993 meo colendo.
522 1931 656 2077 S
515 1987 1973 2386 Remitto, Doctißime Dn. M. Stati, libellum Muſicæ Poëticæ, Viri
515 1987 1973 2386 Doctiß · MEIſteri erulitißimum, & non tyrombus, ſed doctu
515 1987 1973 2386 criptum: qui mihi valdè placet. Etſi enim mihi non tribuo neq; arrogo iuli-
515 1987 1973 2386 cium de Muſic Poẽtica: tamen quantum ego intelligo, vileo illum vocibus
515 1987 1973 2386 c termini, vt vocant grammaticis & oratorjs, res vtilißimas erudite & ſub-
515 1987 1973 2386 i liter complexum eſſe de Scal; de ratione reducenli cantum ex noti ad
1828 2343 1949 2396 literas
