2247 2765
268 209 1656 267 accenſum iri, cum animum memoriamque induxerit, qui ſe ha
270 268 1656 325 beat, quòd modò hoc; modò illud; aliudvè; item alterum en
265 325 1656 388 ejuſmodi conſiat partibus, quæ inter ſe concinnæ ſunt, quæ que
267 385 1656 441 congruentiatn ariunt ſua viſsimam? Qui quoq; in nudæ Octava
266 442 1656 499 ſeu Diapaſôn capacitate, partes æquam relationem habentes, har.
266 497 1656 559 monicæ confiant? Non me herclè arbitror Pysram, ri
265 556 1656 613 ſtotelem, Platuen, alios E os ardore contemplandi
264 614 1656 673 incenſos, in Muſices penetralia deſcendiſſe, & in ejus cognitionem
263 673 1656 731 ſibi compatandam tantum laboris & ſtudii ſumpſiſſe, qualiter illos
263 731 1656 790 feciſſe in comperto eſt, ni illis viſum non tam fuiſſet, quàm re ipsâ
262 790 1656 848 ipſi cognoverint, eiuſodi quid ex hâc arte ſperari potuiſſe. ui
263 849 1656 908 mihi videatur indignam homine ingenuo rem committi& quidem
264 908 1656 967 De i uuiuiui ſummam ingratitudinem probari, ſi
260 967 1654 1026 non hæc ars cognoſcendo colatur, excolendo augeatur, aucta pro-
260 1024 1656 1082 pagetur. An proptereà, quùim in contemptum nefariâ hominum
259 1081 1651 1139 malitiâ & abuſu turpi deducta eſt, res quæ per ſe bona eſt, deſpe.
258 1141 1656 1198 ctui nobis tota ſit, nosque eam interire potiùs ſinamus, quam ut ab
257 1199 1655 1252 interitu eam vindicemus? In laſii ſsrxirium longiùs recedere
257 1252 1655 1310 coacta (proh dolor)eſt, quam ut fas eſſet. Verùm quæ corrigi ne-
257 1309 1651 1371 queunt celerrimè, ad meliorem frugem paulatim ſenſimvè reduci
256 1368 1653 1431 poſſe ſperentur. Interim tamen rei ipſi in ſuæ naturæ bonitate
253 1427 1645 1487 nihil decedat, & iccircò ardenter amplectenda cenſeatur; & ad po
253 1487 1650 1547 ſteros uſque conſervanda, atque ita beneficium Dei gratitudinis
253 1546 1648 1604 quâdam declaratione recolendum, proque noſſe & poſſe à quô-
253 1605 1652 1661 vis, potiſsimum eô, cujus muneri id incumbit; vel cui in naturâ
252 1662 1649 1719 ſuâ cum harmoniâ eſt quædam congruentia conſtituta, interitus
252 1720 637 1767 Muſice cavendus.
358 1775 1650 1836 Quod cum ita ſit, Viri Nobiliſs: Clariſs: Ampliſs: ad me
252 1836 1648 1897 etiam pertinere agnoſco, quod ab aliis fieri deberi innuo. Quapro-
249 1892 1650 1954 pter operam huic arti ſuperioribus menſibus dedi, eamque illuc
250 1946 1646 2013 usque poſui, ut qui Chorus dextrè gubernari; cantus novus effin.
251 2003 1648 2073 gi; & quæ in arte hâc præcipua & nobilia ſunt, hactenus velut
249 2062 1649 2131 propriô nomine orbata, quomodò iiſdem nomina dari poſsint, ne
248 2121 1641 2185 ſermo ob penuriam nominum,ad rem ipſam collatione explican.
247 2181 1647 2243 dam, incaſsùm ſuſcipiatur, anſam præberem. Ex laboris mei illius
249 2241 1644 2302 acervô hanc nuper congeſsi Synopſin, quæ memoriæ & expli-
249 2296 1643 2362 cationi ſit non ſolum illi, qui primus huic meo labori autor extitit,
1034 2355 1648 2417 A3 ſed &
