2191 2767
482 189 1324 303 Schematis planior ſenſus.
174 284 1631 720 Gmphii mucrone Nomen Modi tranſponendi ex Qualitate, qua ex
174 284 1631 720 Fa, vel B rotundô, in Qualitatem quæ Mi vel E quadmtt eft,
174 284 1631 720 attingatur, e oum eô longiore parte ſceptri,litera, ſpectes Ambitus, at-
174 284 1631 720 tingitur. Quô factô, brevioros, tàm ſceptri, quàm gmphu, partes de-
174 284 1631 720 monſtrant, ad quam ſpeciem Amitus alterius, Modus ſit iranſpoſitus.
174 284 1631 720 ontarium fit ſer vatis contmris.
249 706 1543 1032 EX CPPIT DD APPLI
249 706 1543 1032 catione textus.
249 706 1543 1032 Textus notis applicatur modis potiſimum tribus.
192 1031 1631 1289 Not longæ l,anantitatz ajori lex pronun-
192 1031 1631 1289 1No ie fvel guanuta inors
192 1031 1631 1289 iatiae conita raſandeat ſillakOga
192 1031 1631 1289 ciatione cognita reſpondeat ſyllaba trevis
188 1287 1631 1494 JJ. Pluribus notis in valore minoribus, potiſsimum
188 1287 1631 1494 caudatis coloratis, nonnunquam unica ſufficit fyllaba, quæ
188 1287 1631 1494 deſinit in notam, iis minoribus aliquantò majorem
185 1481 1634 1629 JJJ. Minoribus notulis tam longæ quam breves ſub-
185 1481 1634 1629 ſternuntur ſyllabæ, ex pronunciatione, non ita perſpicuæ.
525 1616 1300 1710 Exempla trium odorum
1323 2356 1633 2414 6 EX
