2191 2767
495 199 1317 293 Schematis planior ſenſus.
310 289 1622 362 Gmphii mucrone Nomen Modi tranſponendi ex Qualitate, qua ex
200 350 1620 456 Fa, vel B rotundô, in Qualitatem quæ Mi vel E quadmtt eft,
196 441 1621 515 attingatur, e oum eô longiore parte ſceptri,litera, ſpectes Ambitus, at-
199 504 1619 579 tingitur. Quô factô, brevioros, tàm ſceptri, quàm gmphu, partes de-
198 567 1614 639 monſtrant, ad quam ſpeciem Amitus alterius, Modus ſit iranſpoſitus.
200 635 1223 706 ontarium fit ſer vatis contmris.
401 776 1498 849 EX CPPIT DD APPLI
250 867 1131 939 catione textus.
274 941 1534 1028 Textus notis applicatur modis potiſimum tribus.
221 1038 1622 1119 Not longæ l,anantitatz ajori lex pronun-
202 1073 1601 1209 1No ie fvel guanuta inors
230 1176 1340 1236 iatiae conita raſandeat ſillakOga
202 1195 1289 1289 ciatione cognita reſpondeat ſyllaba trevis
201 1290 1618 1357 JJ. Pluribus notis in valore minoribus, potiſsimum
201 1354 1621 1430 caudatis coloratis, nonnunquam unica ſufficit fyllaba, quæ
204 1421 1483 1492 deſinit in notam, iis minoribus aliquantò majorem
203 1483 1621 1557 JJJ. Minoribus notulis tam longæ quam breves ſub-
202 1552 1618 1623 ſternuntur ſyllabæ, ex pronunciatione, non ita perſpicuæ.
528 1620 1297 1702 Exempla trium odorum
1338 2363 1622 2411 6 EX
