2247 2765
236 179 1653 252 NoBILISSIMI, O IARTSSIMIMII,, PTI5.
284 250 1575 324 ſims, omni virtutum & doctrinarum genere, rerum; expe-
508 316 1423 387 rientiâ, excultiſims, excellentiſims, peri-
360 382 1579 445 tißims viri Dn.
239 469 1647 555 IOANNIFRIDERICO
240 555 1643 620 SOHOENBERG, Domino in FALCKENERG,
353 620 1534 686 Septemviratus Saxoniei vice Iudici, & Præfecto
443 683 1442 750 VVitebergenſi, Beltzingenſi, & Chom-
429 750 1236 829 morrenſi digniſ:
278 845 1617 922 OLIGERO ROSENCRANTZ.
258 931 1482 997 D OMINO IN ROSENHOL M.
243 1019 1647 1114 GEORGIO TOEBINCIO patritio
491 1112 1578 1163 & Senatori Lunæburgenſi.
496 1197 1398 1273 Domin cenatibus ſus optim, ſumma
737 1258 1233 1325 obſervantia colendis.
257 1339 509 1410 d&
247 1388 511 1464 N
266 1384 517 1529 i
257 1518 520 1596 ea
251 1576 521 1626 eo
537 1345 1648 1412 Rtem Harmonicam rem eſſe divinam donumque di-
539 1408 1649 1469 vinum, cùm fnes & tilitates, quorum gratiâ homi-
542 1466 1649 1518 num uſui ea eſt conceſſa, teſtantur; tùm & in illâ la-
540 1527 1647 1585 tentia myſteria eandem ex venerandâ Trinitate ſca-
538 1585 1648 1684 X:
252 1644 1647 1702 Vtilitatum genera multa ſunt, inter quæ Oneſicrates hanc, quòd
252 1697 1649 1753 Muſica Deorum immortalium laudes, facta & benefaſta canat, no-
254 1759 1653 1817 bis vult maximè commendatam, atque hâc ratione totum Muſi-
249 1817 1654 1878 ces ſtudium, velut pium & homini præcipuum, in precio haud mi-
255 1876 1652 1934 nori ab hominibus haberi. Quòd enim articulatam vocem Dii
254 1936 1650 1993 immortales horminibus largiti ſunt, id non ſine causâ factum
259 1993 1652 2050 eſſe Oneſicrates authoritate Homeri teſtari voluiſſe perhibetur.
257 2052 1655 2105 Facta enim Dei immortalis, tum & laudes illius canere, pium eſſe
258 2109 1655 2168 & hominemprcipuè decere innuit. Quem finem ſaltem unicum
257 2170 1656 2222 ſi homo, qui Chriſto nomen ſuum dedit, ut decet, perpenderit, af-
257 2226 1656 2283 firmare non dubitabo, quin is conjecturâ aſſequatur, quod Muſica
256 2281 1655 2344 in vero uſu præguſtus ſit vitæ cœleſtis. Reliqua ſi addentur utilita-
1189 2353 1663 2388 A 2 tum
