2209 2765
227 200 1676 578 Singuli univerſe Harmoni Vocibs elodi Mod⸗ eft
227 200 1676 578 peculiars. Sed illarum unô cum alterô commixtô, fit quoddam tempe-
227 200 1676 578 ramentum, ita, ut libi unius Melodiæ Modi mediatio fit, alte-
227 200 1676 578 rius, ibi fiat determinatio. Et eô ita pactô unum conflat corpus
227 200 1676 578 Hiarmoniæ, quòd aliàs ſyſtema vocatum, Modus dieitur.
239 552 1686 838 In temperturâ illâ TEN0 Rvox primas tenet, ex quâ ſolum
239 552 1686 838 de Modo judicari ſolitum eft. Verùm, cenſetur judicium de Modo ex
239 552 1686 838 omnibus vocibus conjunctim feri poſſe dexterius juxtâ peculiaria ad id
239 552 1686 838 in venta ſigna requiſi.
206 809 1688 966 MoDI in univerſum connumerantur quatuordecim,
206 809 1688 966 quorum quidam dicuntur Au TENTÆ, quidam PAcu.
488 996 1457 1098 Vtriq,, bi ſunt de literarum ordine
717 1082 1250 1173 TEORIproprio.
240 1644 1700 1811 Modus quilibet ad ſui cognitionem in vents ex equiſii eegno-
240 1644 1700 1811 ſcitur, que bac ſunt:
570 1787 1648 2123 1. Ambitus.
570 1787 1648 2123 2. Mediatio.
570 1787 1648 2123 z. Clauſuls ees
570 1787 1648 2123 4. Ex ſemit ↄrum ſitu differentiæ.
570 1787 1648 2123 5. Finis index.
713 2142 1248 2243 DEPRIMO.
270 2253 1710 2421 A'BITus eſt Peπũã circuitus in duarum ejuſ
270 2253 1710 2421 dem nominis literarum figuris differentibus depictus.
1493 2386 1708 2460 AMBl-
