2235 2765
492 217 1925 298 quirere, habeant; recipiantz de eâ, quod verum ymblema ſt, rer⸗
492 285 1930 363 judicare queant. Fit autem manmfeſlum quidem ad ſuffcientiam,
492 350 1927 424 quandò ad integros tactus, parem per omnes voces quantitatem conſer
493 408 1931 488 vantes, commiſſura exhibetur. Verùm gatiam non parit tarditas: ſed
494 475 1927 547 aures citiùs lædit, quàm ſuavitate quadam e energiâ delectet, afſi-
494 542 1923 614 ciatvè. Quapropter, quæ circa dimidias tactuum partes verſatur,
494 606 1925 678 eam, tanquam optimam, quag rnamenti locum dignè ſupplere pſſet,
496 669 1923 741 auribus gatior foret, quam illam, artifices plus excoluâre. Qua
497 731 1926 803 erò in partibus tactuum quaterns, dimidiâ parte in voce aliqu ali-
497 795 1930 869 cubi ſiubſiſtente progeneratur, illam Ornamenti nomen vix tueri peſſe
499 861 1925 933 duco. iquidem velocitas aures non què, ac Ornamentum debet,
498 924 1928 999 tangat e afficiat: & apud artifces nonnunquam cbſervatum ft,
497 987 1923 1063 quod in commiſtione Conſonantiarum cum Diſſonants, quandò illa pro-
497 995 1925 1126 e  e e eer
497 1114 1923 1193 ex abſoluts conſtare diſſonantis: finem verò concordantias exhibere
497 1178 1924 1254 abſolutas. Quocircà, quoniam ab autoribus utrum yſurpari de-
493 1247 1924 1321 prebenditur, neceſitate id flagitante, quâ ſyllaba, voculæ cujuſam,
499 1308 1926 1386 tactus reſolutionem in partes exigat minores, pro ornamento commiſſura
498 1373 1920 1450 talis haberi nequit: niſi fortè in vocibus omnibus ad morem modumq
494 1439 1922 1513 Fugæ, illa introducatur, quemadmodum ab rlando factum eſſe, Cantio:
500 1505 1919 1575 (Omnia quæ feciſti nobis Domine) 5. vocum, ſub textu (in
504 1569 1923 1643 vero judicio) teſtatum fecit. Vbi tamen, qui aliquantò accum-
497 1633 1923 1705 tiore mentis examine harmoniam ibi perpenderit, initia partium reſe-
496 1702 1791 1773 lutarum in concoraentus abſolutis convenire, deprehendet.
957 1787 1450 1840 XIII. 2r1xon.
533 1854 1921 1930 S VR coPA eſt Symblemati contrarium, ſit licet vici-
499 1921 1921 1993 num ornamentum, duas partes alicujus tactus vel integri
501 1990 1920 2055 vel dimidii; vel etiam quadrantis, in aliqua voce coagmen-
496 2055 1918 2125 tans, quarum poſterior pars ex contractione, relative con-
501 2120 1917 2188 ſonat, quam mox in locum demiſſum proximè vicinum
497 2183 1919 2255 conſonantia ſubſequitur congruens, cum universâ ſtru-
497 2251 1739 2315 cturâ, quæ non procul à naturâ clauſularum abeſt.
601 2312 1931 2383 Relativà conſonantia eſt, qnæ, licet cum iis quibus an-
492 2372 1921 2442 nexa eſt ad perpendiculum videatur diſſonare, atque ob id
