2172 2767
267 214 1362 472 LAVTA trint latens oritur, ſi nomen adort
267 214 1362 472 D EXTRprius certi ſit vagabunda Moti.
267 214 1362 472 C ASVIqquæ ſiet ED I cuicung tributa,
267 214 1362 472 STELLLRE ſcripti nomina dant RADII.
386 475 1405 589 Ejuſdem explicatio dilucidior.
166 568 1615 1001 Admoveatu manus ad Nomen Modi. (Authentæ, inter medio
166 568 1615 1001 ſuperioriʒ ʒ Plagal, intermedio inferiori circulo inbarents) e ſmul
166 568 1615 1001 prodibunt liter irina, quæ ſunt C LAVSVL ARV SL SLDEE,
166 568 1615 1001 ::XXcta
166 568 1615 1001 thentarum, in circulorum, qui literas rocipiunt ſupimo lagiorum in
166 568 1615 1001 infimo poſia.
560 1012 1209 1113 D AT0.
174 1134 1613 1490 Semitoniorum ſitus differentiæ ſunt loci ſemitonio-
174 1134 1613 1490 rum, in Modis geminatim concurrentium, differentes.
174 1134 1613 1490 ltorum duæ ſunt ſpecies, altera antiquitus dicitur
174 1134 1613 1490 Dicſis; altera Apotome. Nunc verò ufitatius hæc ſemi
174 1134 1613 1490 wnium Majus, illa Minus appellatur.
181 1476 1632 1685 Majus ſemitonium, quod Toni in duas paii ee—
181 1476 1632 1685 vel diviſi, commate(quod Toni novena pars eſt) major -
181 1476 1632 1685 552 --2- X-i
181 1476 1632 1685 midia eſt portio, in ſcala diſcernitur a miori hoc modo.
274 1907 1590 2003 1. cii C.I e
274 1907 1590 2003 In Characteriſmô, modô plane imli ff G
170 1985 1617 2271 Voce autem exprimitur in aſcenſum vel per ſyllabam
170 1985 1617 2271 quam nota ſibi ut propriam vendicat mollius exprimen-
170 1985 1617 2271 amz vel per modum, ad quem ſe quiſpiam aſluetecurit,
170 1985 1617 2271 que mcu que.
167 2230 1616 2472 Minus Semitonium, (quod Toni in duas partes diſſec
167 2230 1616 2472 portio earum minor eſt,) in ſcalâ diſcerntur à àIajore oc
167 2230 1616 2472 t—
167 2230 1616 2472 pacto.
1001 2365 1616 2437 F In
