2191 2767
191 217 1635 924 UIs'oRu tot ſoni in harmoniam coguntur,
191 217 1635 924 quot ex vocibus illæ conſtabunt. v i quatuor vocum Fu-
191 217 1635 924 ga ſit futum, ad quoſcung tacus quatuor ſoni copulabuntur juxta leges
191 217 1635 924 harmonicæ conſtructionis, & exiſtent quatuor Melodiæ. Quarum una
191 217 1635 924 cujuſcung ea vocis ſit ex ſyntaxi univercâ deſumatur, & in fugam ad-
191 217 1635 924 ornetur. Illi præter reliquarum nulla Melodia ſubſterni commodius
191 217 1635 924 poteft, quam Baſeos, propris ſus intervalli in ſimilia converſis, ab
191 217 1635 924 Ambitu qus fuga circumſcribitur, recipienda (quod in reliquis eft
191 217 1635 924 tenendum). Quâ ſubſtatâ, reliqu concordes facilimo ſe tum negocio in
191 217 1635 924 concordiam component. Quod boc exemplum palam faciet, eonſtructum
191 217 1635 924 tribus Melodii.
988 915 1630 1121 Quæ tres connexæ Melodiæ in
988 915 1630 1121 fug adordinationem ſic reſol-
988 915 1630 1121 vuntur.
791 1680 1075 1768 Obiter.
188 1770 1630 2310 Fugis, quando deſcribendæ erunt, nomen ſive inſcri-
188 1770 1630 2310 ptio eſt concilianda, juxta quam de vocum pluralitate vel
188 1770 1630 2310 aucitate judicari qucat: & quam diu mimiticæ voces ſi-
188 1770 1630 2310 XeXtXt
188 1770 1630 2310 tum & hôc ſignô vel uni im contextu ſcripturarum no-
188 1770 1630 2310 tarum infixo: illud ſupra delcriptionis contextum diſtan.
188 1770 1630 2310 tiæ vocabuli inſcriptione indicatur, ad formam Fugæ
188 1770 1630 2310 paulo ants rolatæ.
905 2332 1618 2456 Fa
