2193 2767
549 439 1893 543 Incharacteriſmô planè pari modô. ef] ſoGa
450 524 1902 665 Voce per MI FAin aſcenſum, vel modô quô id com-
450 524 1902 665 modiſsimè fieri poteſt, uſu com paratô.
449 654 1919 996 De hôc ſemitoniô bic agimus. Idipſum ut plurimum bi in Modi
449 654 1919 996 alicujus diapasôn occurrit. Quoniam verò non eadem loca perpetuò oc-
449 654 1919 996 cupet, eorum diſtinctio, quaæ inde venit, probè eſt obſervanda, undè
449 654 1919 996 eveniet, quòd verâ illius cognitione Modus alius pro aliò non reputabi-
449 654 1919 996 tur, conſuſoo Mdorum haud erit ſperand.
556 955 1807 1107 Situum differentiæ Modos, inter quos quædam
556 955 1807 1107 intercedit ſimilitudo, ſic diſcernunt.
461 1386 1971 1846 eliqui Modi nee ſibi nec illis in neut Ambitus dimidiâ parto
461 1386 1971 1846 conſimiles ſunt. Ambituum enim ſuorum, ſicut & Mediationum in
461 1386 1971 1846 terminis Hemitona vel ſubſiſtunt, vel motus intervallorum, inter qua
461 1386 1971 1846 id primum eſt, agunt. Specifca itag illorum differentia, quâ ab aliis
461 1386 1971 1846 ſecernantur, non ita manifeſta datur, atg ob id non tam hi, quam illi,,
461 1386 1971 1846 conſuſioni ſunt obnaii. Niſi fortè diſcrimen quiſpiam exactius conſti-
461 1386 1971 1846 tuat.
867 2056 1524 2144 DE IT0.
478 2139 1923 2408 F ISII DXibi ſtatuitur, ubi in Authentis infima
478 2139 1923 2408 Ambitus extremitas, & in Plagiis Mediatio plenariâ clau-
478 2139 1923 2408 ſulæ Triphonæ formationis introductione, finem modu-
478 2139 1923 2408 landi infert-
1720 2333 1924 2406 HNl
