2191 2767
621 219 1966 288 Sit baec ejuſmodi Melodia c fa ceeb c. Ea prius dedu-
540 281 1963 349 citur. u deinde habitâ mtione determinations Modorum & forma-
527 345 1965 416 tions clauſularum, eò loci prima vox i μliu ſubſlernitur, ubi quam
527 414 1964 479 proximè connexio conſonantiarum imitatricium inſtitui potef. Pof
528 478 1966 547 reliquæ ruminantium ſimili modò aliæ alii ſuhſternuntur. rg. in
538 542 1322 605 quatuor vocum μs λAi æ.
647 951 1963 1027 Vacua ulterius loca apts & appoſiui concordibus & conjugat
540 1013 1964 1088 chaacteribus complentur, at ita ſpontaneum Melodia conſequetur in-
541 1088 1138 1130 crementum.
647 1144 1960 1211 Fu A IMAINMRIMelodiam unica ſolum voce
542 1210 1963 1283 exponit, cujus imitamen aliæ voces Melodiam imaginan-
541 1269 1965 1345 do expediunt, nonnunquam in iiſdem intervallis, non-
532 1339 1083 1400 nunquam inſimilibus.
647 1404 1960 1475 FuA IAANARIA tam multiplex fit, quam va-
543 1462 1957 1538 riè Melodia ad diſtantias datur ruminanda. quæ ex uni-
543 1524 1959 1606 ſono tit, ex iiſdem fit intervallis, eaquè eftormari ad plures
544 1594 1953 1662 voces poteſt. Quæ Fugæ ex aliâ diſtantiâ ruminantur, ut-
539 1653 1945 1730 plurimùm ex duabusconſtant vocibus, & nomen ſuum ex-
538 1720 1610 1786 inds (videlicst ex diſtantiâ) ſortiuntur.
709 1823 1762 1886 PRAXISIMAGINARIARIM.
640 1915 1954 1996 Haud aliter maginariarum quam Realium Fugarum praxi in-
531 1980 1951 2058 ſtituitur. In utrug etſiplus luſus ineft, quam uſus, ut propterea MM
527 2037 1952 2126 lodia earum brevs ſuccincta effingi ſoleat: Tamen ut er prmxis mo-
530 2101 1953 2188 dus inaicetur, eag ſuſcipiatur finis, modi & deſiſtentiæ non inſcia, com-
527 2167 1949 2253 pendio hoc illam producere lubet, ne quando futurus ſomponiſta tædium
527 2237 1948 2315 ex oteandi labore ſibi conciliet, & ob id in uniyerſam artem compoſito-
527 2296 1276 2374 am odium concipias eam faſtidiat.
1828 2361 1944 2427 llu.
