2232 2765
241 209 1677 422 octrina de Mods jus idem, quod in doctrina de conſtruendis concordan-
241 209 1677 422 tiis exercet, non integrum eſſe obtenturmm. Illic enim idipſum ſubſiſtet,
241 209 1677 422 ali tum ipſa compoſitio legibus,quibus obtempeabit, circumſcribetur.
397 448 1467 539 LEE TTACTIC.
215 550 1674 2083 1. Ad aggrediendum conſonantiarum ſyntaxin, Com-
215 550 1674 2083 poniſta uni eidemque voci, cui exordii primas perpetuò
215 550 1674 2083 deferat, non ſit mancipatus.
215 550 1674 2083 2. TENoRIs ME0DIA certâ aliquâ daâ di-
215 550 1674 2083 ſtantiâ circumſcribatur, illiusq;, nec temeraria, nec ad plu-
215 550 1674 2083 res vices, fiat tranſgreſsio.
215 550 1674 2083 3. TEoRIs Melodia finem ſuum obtineat in infimô
215 550 1674 2083 ſuæ leπe ãy ſonò.
215 550 1674 2083 4. Tenoris & Diſcanti Melodiæ peragrent intervalla
215 550 1674 2083 propinqua, ita ut hæc ut plurimum ad ardua lddarcr ſuæ
215 550 1674 2083 loca ſcandat: illa in mediocritate ſe contineat
215 550 1674 2083 5. BSS1Melodia quôcunque modô per remota per-
215 550 1674 2083 gat intervalla, nonnunquam etiam per propinqua. Per
215 550 1674 2083 hæc rarius per illa ſæpius.
215 550 1674 2083 6. Sonorum perfectius coneinnorum plurimus in har-
215 550 1674 2083 monia ſit uſus creberrimusq: Minus verò perfectius con-
215 550 1674 2083 cinnorum, rarior, præſertim Sextæ.
215 550 1674 2083 7. Hæc quando introducitur, non diutius perſiſtat ſub
215 550 1674 2083 tXtRXX—
215 550 1674 2083 ut ante eam & poſt eam propinquiſsimus ſit concentus,
215 550 1674 2083 vel Quinta, vel Octava, à quâ ad eam ipſam fiat acceſſus
215 550 1674 2083 & ab eâ ipsâ receſſus. h. e. Præcedat vel etiam ſequatur concen-
215 550 1674 2083 tum Sexte, aut Quinta aut ctava
229 2063 1648 2229 .
229 2063 1648 2229 X CAPITDDF OOECCI I..
208 2239 1658 2398 8. Vitentur Solœciſmi motu ſuô incompoſitô (qui eft
208 2239 1658 2398 uando Concentus quidam ſe invicem pari modò ſubſiauuntu. p
988 2374 1647 2457 '
988 2374 1647 2457 A
