2232 2765
249 219 1677 287 octrina de Mods jus idem, quod in doctrina de conſtruendis concordan-
248 285 1669 353 tiis exercet, non integrum eſſe obtenturmm. Illic enim idipſum ſubſiſtet,
247 345 1667 418 ali tum ipſa compoſitio legibus,quibus obtempeabit, circumſcribetur.
476 461 1441 532 LEE TTACTIC.
248 560 1661 630 1. Ad aggrediendum conſonantiarum ſyntaxin, Com-
252 628 1664 696 poniſta uni eidemque voci, cui exordii primas perpetuò
251 695 1664 761 deferat, non ſit mancipatus.
240 750 1665 821 2. TENoRIs ME0DIA certâ aliquâ daâ di-
247 821 1655 887 ſtantiâ circumſcribatur, illiusq;, nec temeraria, nec ad plu-
243 886 1611 952 res vices, fiat tranſgreſsio.
238 946 1661 1017 3. TEoRIs Melodia finem ſuum obtineat in infimô
245 1010 1102 1080 ſuæ leπe ãy ſonò.
239 1074 1658 1146 4. Tenoris & Diſcanti Melodiæ peragrent intervalla
242 1142 1659 1213 propinqua, ita ut hæc ut plurimum ad ardua lddarcr ſuæ
244 1208 1390 1263 loca ſcandat: illa in mediocritate ſe contineat
239 1264 1656 1344 5. BSS1Melodia quôcunque modô per remota per-
242 1333 1658 1406 gat intervalla, nonnunquam etiam per propinqua. Per
243 1407 1454 1472 hæc rarius per illa ſæpius.
239 1462 1655 1538 6. Sonorum perfectius coneinnorum plurimus in har-
239 1531 1653 1603 monia ſit uſus creberrimusq: Minus verò perfectius con-
229 1602 1294 1666 cinnorum, rarior, præſertim Sextæ.
239 1656 1650 1732 7. Hæc quando introducitur, non diutius perſiſtat ſub
237 1674 1651 1798 tXtRXX—
236 1791 1647 1860 ut ante eam & poſt eam propinquiſsimus ſit concentus,
235 1849 1645 1925 vel Quinta, vel Octava, à quâ ad eam ipſam fiat acceſſus
234 1922 1643 1993 & ab eâ ipsâ receſſus. h. e. Præcedat vel etiam ſequatur concen-
234 1986 1095 2059 tum Sexte, aut Quinta aut ctava
907 2075 1032 2139 .
233 2149 1642 2226 X CAPITDDF OOECCI I..
235 2246 1643 2318 8. Vitentur Solœciſmi motu ſuô incompoſitô (qui eft
232 2313 1658 2397 uando Concentus quidam ſe invicem pari modò ſubſiauuntu. p
1460 2378 1550 2441 '
1531 2395 1643 2429 A
