2193 2765
681 186 1859 394 ScIoVV Co N.
681 186 1859 394 ſonantias in 4. vocum EuusλAia quam arctiſi-
681 186 1859 394 mè connectere docens.
936 422 1601 498 Partes connectionum.
756 1036 1771 1133 Explicatio chematis per exemplu.
546 1138 1989 1685 Datur ſonus Melodiæ tenoralis, cujus Characteriſtica
546 1138 1989 1685 eſt a; ei ſi ſubordinatur Baſi Melodiæ ſonus per diſtan-
546 1138 1989 1685 tiam Tertiæ, juxta partem connectionum primam, ut pro-
546 1138 1989 1685 veniat concentus Tertiæ, characteriſtica futura erit .3
546 1138 1989 1685 Alti ſi ſuperingeritur per diſtantiam Tertiæ, : vel Quartæ
546 1138 1989 1685 d, prodibit; Diſcanti ſi ſuper imponitur per Quartæ in-
546 1138 1989 1685 tercapedinem, & in connectionem adducetur, f. Atque
546 1138 1989 1685 ita de reliquis connectionum partibus.
1128 1664 1383 1746 Obiter.
545 1746 1972 2349 Latius diſtendi poſſunt concentuum copulationes, quàm expoſitum
545 1746 1972 2349 Sehema admittit. Cujus rei ratio in doctrina de Modis dabitur. n-
545 1746 1972 2349 terea ab arcis hujus tyrone requiritur ut ſe in ſyntaxi concordantiarum
545 1746 1972 2349 creberrimè exerceat, atg ita hic ſe pauliſper derineri patiatur, doner
545 1746 1972 2349 x r Xi X
545 1746 1972 2349 moniæ citius ſuavitatem conciliet, quam ut obſcuritati perplexitati
545 1746 1972 2349 eandem involvere amet. Quoniam autem mox annexis ſyntaxeos legi-
545 1746 1972 2349 hus illam intra terminos detinere conaturt erimus, ne conſtructio in in-
545 1746 1972 2349 finitum attentetur, ſcire eft, ex omnibus ills, Tertiam Ltgem in
1797 2315 1986 2377 doctrina
