2191 2767
612 217 1888 363 VIII
612 217 1888 363 EX CAITE DE CILAVIVII.
540 367 1996 658 Sedes autem CL.AVVLE ur rectius innoteſcat, ipſa de
540 367 1996 658 Clauſulis, earum diviſione, formatione & fine, doctrina eſt pramittenda.
540 367 1996 658 Definitionis loco hæc ſubſequentia tenenda erunt, & ſic futurum,
540 367 1996 658 ut fiat perſpectius quid clauſulam dici malimus.
542 632 1999 1147 Tal hi Melodii mctulus ſe rduftu,,,dd d—
542 632 1999 1147 d, & quidquid cum eó in quatuor voeum connexione cohæret, habens
542 632 1999 1147 Initium ſyncopam patiensʒ Medium, ab Iitu locô in proximè
542 632 1999 1147 vicinum ſe demittens . Finem, Initii ad terminos deflectentem vel
542 632 1999 1147 eidem in ſono parem, CVVAdicitur.
1093 1142 1458 1231 Exempla.
548 1506 2003 1656 Ea triplex in uſu reperitur. Triplici itag diſtinguenda no-
548 1506 2003 1656 mine erit, quemadmodum re, alia ſe ab aliâ diſcernit.
545 1625 2043 1848 Prima dicetur TRipno, velut quæ Diſcantalis
545 1625 2043 1848 Medium à aſsi Melodiæ Mediô per Tertiam plenam ve-
545 1625 2043 1848 ram, vel per æquipollentem, diſtans exhibet.
712 1832 1801 2009 jus praxin compendioſam hoc cchema
712 1832 1801 2009 promovet.
1766 2371 2004 2449 Secund
