2208 2765
298 202 1592 276 Habebuntur itaque ejuſmodi adventitiæ characteriſti.
192 265 1587 342 cæ pro meris nudisq́; diſſonantiis, totaq́; earum ſtructura,
192 340 575 404 pro Diaphoniâ
299 390 1593 468 Ad tres primarios illos diſcretos ſinos alii diſcreti ad augmentum
194 455 1598 529 harmoniæ dari nequeunt, ſed tantum ſimiles & aquipollentes, qui ſunt,
193 519 1602 597 qui tribus iſtis primaris per ctavam ſimplicem vel ompoſitam vel
195 579 1594 656 Decompoſitam pares ſunt, & ob iddicti ſoni ſecundarn vel Compoſti.
196 644 1601 720 Quorum gmtiâ plures quidem ſoni accumulantur, ſed non omnes ſtatim
197 705 1605 783 inter ſe ſunt diverſi, verum alii aliis pares vel æquipollentes. Ad a
200 773 1605 844 mim κ & e vel f, ſi adjicietur a vel c vel f vel Avel C etc. non novus
200 831 1609 906 diverſus ſonus ad harmoniæ incrementum acceſſerit, ſed tantum
202 906 715 975 quiſonus vel æquipollens.
314 957 1608 1033 Intercapedines ſonorum ſuis quidem nominibus de-
210 1023 1608 1098 ſignantur, ut Secunda; Tertia,& Quarta, &c. vel Dito-
208 1087 1614 1152 nus Diateſſaron &c. ſed mutuatis ab illâ Muſices parte,
209 1151 1615 1225 quam dicunt Theoricam. Ouando uſus mentionem illo-
210 1212 1616 1279 rum nominum expoſcit in Poëtica, nomina illa de Con-
211 1273 1615 1342 centibus vel etiam diaphoniis ſunt intelligenda & acci-
216 1337 1615 1416 pienda non de Intervallis quæ dantur In ſonorum ſucceſ
216 1409 912 1466 ſione unius ſolum Melodiæ.
858 1538 989 1588 IIII
371 1660 1471 1739 EXCAITE DE COMCO R.
647 1750 1193 1826 dantiarum yntaxi.
790 1885 1082 1939 Ohſervationes.
227 1936 1631 2002 J. MELoDI & HRoN4 differunt, eò quod
231 2000 1634 2076 hæc ſit modulamen, ex plurium vocum Melodiis in har-
231 2066 1501 2128 moniam devinctum; Illa unius ſolùm vocis affectio.
232 2124 1634 2210 JJ. Datô unius Melodiæ ſonô, aliarum ſoni ex hôc ſub-
236 2195 1442 2273 ſequenti Schemate cum compendiò adordinantur.
1379 2321 1636 2375 ciM
