2247 2765
573 198 2037 1537 tum genera: ut videlicet ſacrorum non minùs, atque aliorum ſcri.
573 198 2037 1537 ptorum inſignes gravesq; & piæ ſententiæ harmoniâ explicentur;
573 198 2037 1537 Vt aliæ etiam res divinæ, ſimulatque prophanæ, muſicô carmine
573 198 2037 1537 comprehendantur, & eâ ratione memoriæ perpetiæ conſecrentur;
573 198 2037 1537 It quoque hominum animi cordaq; moderatione aliquâ ita tem-
573 198 2037 1537 perentur, ut in rerum divinarum ſeriam conſiderationem, cultumq;
573 198 2037 1537 illarum ſint propenſa; eaque ipſa, tum & eorundem affectus, ſi
573 198 2037 1537 opus fuerit vel flectantur; vel, ſi videantur in malitiam defl exuri,
573 198 2037 1537 compeſcantur; vel turpes ſedentur aut omninò reprimantur; ve
573 198 2037 1537 contrà ita exuſcitentur,ut, quæ divina ſunt, quæ qne ad virtutem
573 198 2037 1537 pertinent, gnaviter ea excolant, amanterque complectantur, &
573 198 2037 1537 tota in ipſa ſint intenta; Vt denique, velùit oblectamentô hone-
573 198 2037 1537 , gaudia curis nonnunquam interponantur, balneumque diaboli
573 198 2037 1537 (ut vocari ſolet) Melancholia, ac diabolicæ tentationes fugen-
573 198 2037 1537 tur; Illa inquam ſi addentur, an quis bonorum hominum eorun-
573 198 2037 1537 demque ingeniorum, & liberali ingeniô præditorum ſit, qui piẽ
573 198 2037 1537 illius ſtiudii miſeras hodiernas vices non doleat, imò deſſeat, ne
573 198 2037 1537 dm, quantun in ſe eſt & verus uſus poſcit, ſartum ipſum tectum-
573 198 2037 1537 que ſervet? Res enim cujus eſt aliqua ſsltem utilitas; cujus eſt exi-
573 198 2037 1537 guus & non magni fermè momenti uſus, ſi quando plurimi fit,
573 198 2037 1537 hæc, quæ plurimas & quidem commodas utilitates & utiles com-
573 198 2037 1537 moditates hominum vitæ & actionibus confert, quantò magis
573 198 2037 1537 ananda, amplect enda, juvanda eſt, & pro movenda.
576 1539 2021 2183 Trinitatis ſacroſanctæ myſterium in unitate Deitatis recondi-
576 1539 2021 2183 tum quoinodo repreſentare Muſica, præſertim Poëtica, illius pars
576 1539 2021 2183 tertia, videatur, id ex præmiſſo Epigrammate videre eſt, quô ad
576 1539 2021 2183 ipſum conſiderandum, alios talirer qualiter ludendo inſtiga-
576 1539 2021 2183 re placuit. C s cupata hec rs eſtsa gnia ite ai
576 1539 2021 2183 msesoe ccX t
576 1539 2021 2183 ig;s s, Tπ tFzci
576 1539 2021 2183 mentem ſuam ſubire adverterit, ut non incredibili cupiditate du-
576 1539 2021 2183 ceretur, quã hanc artem ſibi quam primùm redderet familiarem,
576 1539 2021 2183 & ex adverſo abjectæ ejus hodiernæ conditionis, ut quæ ſummæ
576 1539 2021 2183 ſubmiſſa injuriæ eſt, non vehementer tæderet?
577 2177 1999 2369 Taceo, quantâ voluptate afficietur Philomuſus quandò vi.
577 2177 1999 2369 derit, quę oblectamenta huic arti inſunt, cum aliquâ, quantulacunq;
577 2177 1999 2369 etiam ea ſit, difficultate conjuncta. Non dicam, quô ardore illum
1756 2354 1998 2414 accenſum
