2209 2765
257 200 1707 476 Deinde Plagiis in Mediatione, & is Minus prin ipa-
257 200 1707 476 lis;
257 200 1707 476 Tertio in alio aliquo lè icν loco, & is Affinalis
257 200 1707 476 dicitur.
802 468 1157 564 Exempla.
313 848 1663 1198 XIIII.
313 848 1663 1198 EXCYPITIBV DE M0.
313 848 1663 1198 niarum generibus antipbonornm.
255 1219 1693 1635 (antilenarum menſurmlium non æqualis ſemper ſonorum quanti-
255 1219 1693 1635 tatis ſyntaxin ſive compoſitionem fieri tum earundem in intervalli
255 1219 1693 1635 ſimplices & compoſitos motuum gadus eoſdem non ſervari quum
255 1219 1693 1635 deprehendatur, diſtinctionem quandam in re utm habendam eſſe ope-
255 1219 1693 1635 ræprecium arbitramur. cum ob confuſionem evtandam, tum ob id,
255 1219 1693 1635 quòd à veteribus illa non fuit neglecta.
247 1599 1692 1828 es autem certò velut Charactere ab invicem diſcernuntur, duplici,
247 1599 1692 1828 alterô, qui conſiſtit in ſonorum uantitate alteró, qui in inter vallorum
247 1599 1692 1828 ſimplicium & compſuorum gradibus. 0
373 1802 1682 1879 Hic dicitur Genus Modulaminum;lle Antiphonum.
252 1865 1687 2015 GENuseſt motus ſonorum per gradus intervallorum
252 1865 1687 2015 ſimplicium & ex illis compoſiturum actus.
253 1986 1688 2339 Primum dicitur ENIARMONICCu M, veteribus non
253 1986 1688 2339 ita, atquè nobis incognitum, quod inter vallorum motun
253 1986 1688 2339 per dieſios diaſciſmata hoc eſt ſemitonii Minoris dimidia
253 1986 1688 2339 deductum, pro charactere habuit. qualiter id exempiô
253 1986 1688 2339 hôc liceat & ſit declaratum
1079 2362 1696 2488 12 deſ
