2203 2767
1046 281 1269 305 — — 4
612 984 1944 1070 Simile eſ apud rlandum in Cantilena, bmia qu feciſti nobs
505 1060 1807 1140 Domine, ſerviens textui Mliſericordiam ſuam.
949 1196 1496 1248 XII. SrMBAMAA
510 1270 1955 1344 S YVLEMA ſive Oo unISuRA eſt quando ali-
500 1338 1947 1427 cui parti tactus majori adjiciuntur minores, quæ illi in va-
501 1399 1930 1497 lore reſpondent, ita,ut prima illarum concors ſit, ſecunda
501 1464 1933 1548 diſcors & ſic reliquæ conſequenter per vices, quo maniteſta
501 1530 1948 1618 deprehendatur permixtio ſive commiſſura conſonantium
515 1596 1951 1676 & diſſonantium ſonorum, per proxima loca, vt ſunt ſemi-
502 1663 1950 1743 tonium, & tonum, &c. ſe ſubſequentium, nihil harmo--
511 1747 1115 1811 niæ derogans
1063 1833 1390 1911 PRAXIS..
512 1915 1958 2002 Coſlruatur Harmonia, in quâ conſonantes ſoni coharent aut ad!
502 1999 1815 2077 portionem integri tactus. qualiter hic:.
1833 2364 1959 2426 Autt
