2208 2765
241 216 1670 425 Literæ iſthinc (ab F) demiſsioribus ſive decliviori-
241 216 1670 425 bus locis ſervientes, gerimanicæ ſcripturæ majuſculâ form
241 216 1670 425 (ſcribantur.
231 729 1659 1171 CLAVEs retinent figuram vel Characteriſticam ſuam
231 729 1659 1171 in LIITERAuu ſeriè, exceptã in cujus locũ x Cap-
231 729 1659 1171 pa græcum ſubſtituitur, cum, ut diſtinctio litermrum ſit fiat
231 729 1659 1171 aommodior ʒ tum, ut in no vâ effictâ cantilenâ, quando ea eft ad notas
231 729 1659 1171 raducenda, CLAV/ dibitus in SCALA attribui locus poſit.
251 1145 1672 1420 CLAVIinferio locus in SCA LAdebetur, quando in
251 1145 1672 1420 voce ſupremi ſoni Characteriſtica longius ab illâ receſsit
251 1145 1672 1420 in aſcentum, quàm quæ eſt infimi characteriſtica. Ex op-
251 1145 1672 1420 poſitio contrarium eluceſsit.
778 1444 1149 1531 Exemplum.
705 1635 1229 1700 Reductio ad Notas.
1158 2323 1676 2410 B 2 Hic
