2191 2767
526 210 1977 616 Sit baec ejuſmodi Melodia c fa ceeb c. Ea prius dedu-
526 210 1977 616 citur. u deinde habitâ mtione determinations Modorum & forma-
526 210 1977 616 tions clauſularum, eò loci prima vox i μliu ſubſlernitur, ubi quam
526 210 1977 616 proximè connexio conſonantiarum imitatricium inſtitui potef. Pof
526 210 1977 616 reliquæ ruminantium ſimili modò aliæ alii ſuhſternuntur. rg. in
526 210 1977 616 quatuor vocum μs λAi æ.
536 942 1988 1134 Vacua ulterius loca apts & appoſiui concordibus & conjugat
536 942 1988 1134 chaacteribus complentur, at ita ſpontaneum Melodia conſequetur in-
536 942 1988 1134 crementum.
532 1140 1977 1402 Fu A IMAINMRIMelodiam unica ſolum voce
532 1140 1977 1402 exponit, cujus imitamen aliæ voces Melodiam imaginan-
532 1140 1977 1402 do expediunt, nonnunquam in iiſdem intervallis, non-
532 1140 1977 1402 nunquam inſimilibus.
534 1402 1996 1799 FuA IAANARIA tam multiplex fit, quam va-
534 1402 1996 1799 riè Melodia ad diſtantias datur ruminanda. quæ ex uni-
534 1402 1996 1799 ſono tit, ex iiſdem fit intervallis, eaquè eftormari ad plures
534 1402 1996 1799 voces poteſt. Quæ Fugæ ex aliâ diſtantiâ ruminantur, ut-
534 1402 1996 1799 plurimùm ex duabusconſtant vocibus, & nomen ſuum ex-
534 1402 1996 1799 inds (videlicst ex diſtantiâ) ſortiuntur.
703 1817 1767 1898 PRAXISIMAGINARIARIM.
514 1907 1954 2391 Haud aliter maginariarum quam Realium Fugarum praxi in-
514 1907 1954 2391 ſtituitur. In utrug etſiplus luſus ineft, quam uſus, ut propterea MM
514 1907 1954 2391 lodia earum brevs ſuccincta effingi ſoleat: Tamen ut er prmxis mo-
514 1907 1954 2391 dus inaicetur, eag ſuſcipiatur finis, modi & deſiſtentiæ non inſcia, com-
514 1907 1954 2391 pendio hoc illam producere lubet, ne quando futurus ſomponiſta tædium
514 1907 1954 2391 ex oteandi labore ſibi conciliet, & ob id in uniyerſam artem compoſito-
514 1907 1954 2391 am odium concipias eam faſtidiat.
1802 2346 1948 2445 llu.
