<pc:PcGts xmlns:pc="http://schema.primaresearch.org/PAGE/gts/pagecontent/2019-07-15" xmlns:xsi="http://www.w3.org/2001/XMLSchema-instance" xsi:schemaLocation="http://schema.primaresearch.org/PAGE/gts/pagecontent/2019-07-15 http://schema.primaresearch.org/PAGE/gts/pagecontent/2019-07-15/pagecontent.xsd">
    <pc:Metadata>
        <pc:Creator>OCR-D/core 2.4.4</pc:Creator>
        <pc:Created>2020-06-14T20:38:58</pc:Created>
        <pc:LastChange>2020-06-14T20:38:58</pc:LastChange>
        <pc:MetadataItem type="processingStep" name="preprocessing/optimization/binarization" value="ocrd-olena-binarize">
            <pc:Labels>
                <pc:Label value="sauvola" type="impl"/>
                <pc:Label value="0.34" type="k"/>
                <pc:Label value="101" type="win-size"/>
            </pc:Labels>
        </pc:MetadataItem>
        <pc:MetadataItem type="processingStep" name="preprocessing/optimization/cropping" value="ocrd-anybaseocr-crop">
            <pc:Labels>
                <pc:Label value="True" type="force"/>
                <pc:Label value="0.04" type="colSeparator"/>
                <pc:Label value="0.3" type="maxRularArea"/>
                <pc:Label value="0.05" type="minArea"/>
                <pc:Label value="0.01" type="minRularArea"/>
                <pc:Label value="0.75" type="positionBelow"/>
                <pc:Label value="0.4" type="positionLeft"/>
                <pc:Label value="0.6" type="positionRight"/>
                <pc:Label value="10.0" type="rularRatioMax"/>
                <pc:Label value="3.0" type="rularRatioMin"/>
                <pc:Label value="0.95" type="rularWidth"/>
                <pc:Label value="page" type="operation_level"/>
            </pc:Labels>
        </pc:MetadataItem>
        <pc:MetadataItem type="processingStep" name="layout/segmentation/region" value="ocrd-tesserocr-segment-region">
            <pc:Labels externalModel="ocrd-tool" externalId="parameters">
                <pc:Label value="-1" type="dpi"/>
                <pc:Label value="True" type="overwrite_regions"/>
                <pc:Label value="0" type="padding"/>
                <pc:Label value="False" type="crop_polygons"/>
                <pc:Label value="True" type="find_tables"/>
                <pc:Label value="False" type="sparse_text"/>
            </pc:Labels>
        </pc:MetadataItem>
        <pc:MetadataItem type="processingStep" name="layout/segmentation/line" value="ocrd-tesserocr-segment-line">
            <pc:Labels externalModel="ocrd-tool" externalId="parameters">
                <pc:Label value="-1" type="dpi"/>
                <pc:Label value="True" type="overwrite_lines"/>
            </pc:Labels>
        </pc:MetadataItem>
        <pc:MetadataItem type="processingStep" name="layout/segmentation/region" value="ocrd-cis-ocropy-clip">
            <pc:Labels externalModel="ocrd-tool" externalId="parameters">
                <pc:Label value="line" type="level-of-operation"/>
                <pc:Label value="-1" type="dpi"/>
                <pc:Label value="0.7" type="min_fraction"/>
            </pc:Labels>
        </pc:MetadataItem>
        <pc:MetadataItem type="processingStep" name="recognition/text-recognition" value="ocrd-calamari-recognize">
            <pc:Labels externalModel="ocrd-tool" externalId="parameters">
                <pc:Label value="/data/models/calamari/GT4HistOCR/*.ckpt.json" type="checkpoint"/>
                <pc:Label value="confidence_voter_default_ctc" type="voter"/>
                <pc:Label value="line" type="textequiv_level"/>
                <pc:Label value="0.001" type="glyph_conf_cutoff"/>
            </pc:Labels>
        </pc:MetadataItem>
    </pc:Metadata>
    <pc:Page imageFilename="OCR-D-IMG/Burmeister_1599-06.png" imageWidth="2247" imageHeight="2765" type="content">
        <pc:AlternativeImage filename="OCR-D-IMG-BIN/OCR-D-BIN_Burmeister_1599-06-BIN_sauvola.png" comments="binarized"/>
        <pc:AlternativeImage filename="OCR-D-IMG-CROP/OCR-D-IMG-CROP_Burmeister_1599-06.png" comments="binarized,cropped"/>
        <pc:Border>
            <pc:Coords points="236,178 1664,178 1664,2418 236,2418"/>
        </pc:Border>
        <pc:ReadingOrder>
            <pc:OrderedGroup id="reading-order">
                <pc:RegionRefIndexed index="0" regionRef="region_id_0"/><pc:RegionRefIndexed index="1" regionRef="region_id_1"/><pc:RegionRefIndexed index="2" regionRef="region_id_2"/><pc:RegionRefIndexed index="3" regionRef="region_id_3"/><pc:RegionRefIndexed index="4" regionRef="region_id_4"/><pc:RegionRefIndexed index="5" regionRef="region_id_5"/></pc:OrderedGroup>
        </pc:ReadingOrder>
        <pc:TextRegion id="region_id_0" type="heading"><pc:Coords points="236,179 1659,173 1651,443 236,445 236,179"/><pc:TextLine id="region_id_0_line0000"><pc:Coords points="236,179 1659,173 1651,443 236,445 236,179"/><pc:TextEquiv conf="0.715846598148346"><pc:Unicode>NoBILISSIMI, O IARTSSIMIMII,, PTI5.</pc:Unicode></pc:TextEquiv></pc:TextLine><pc:TextLine id="region_id_0_line0001"><pc:Coords points="236,179 1659,173 1651,443 236,445 236,179"/><pc:TextEquiv conf="0.9649841785430908"><pc:Unicode>ſims, omni virtutum &amp; doctrinarum genere, rerum; expe-</pc:Unicode></pc:TextEquiv></pc:TextLine><pc:TextLine id="region_id_0_line0002"><pc:Coords points="236,179 1659,173 1651,443 236,445 236,179"/><pc:TextEquiv conf="0.94674152135849"><pc:Unicode>rientiâ, excultiſims, excellentiſims, peri-</pc:Unicode></pc:TextEquiv></pc:TextLine><pc:TextLine id="region_id_0_line0003"><pc:Coords points="236,179 1659,173 1651,443 236,445 236,179"/><pc:TextEquiv conf="0.8945456743240356"><pc:Unicode>tißims viri Dn.</pc:Unicode></pc:TextEquiv></pc:TextLine><pc:TextEquiv><pc:Unicode>NOBILISSIMIS, CLARISSIMIMIS, AMPLIS-
ſimis, omni virtutum &amp; doctrinarum genere, rerumq; expe-
rientiâ, excultißimis, excellentißimis, peri-
tißims viris Dn.</pc:Unicode></pc:TextEquiv></pc:TextRegion><pc:TextRegion id="region_id_1" type="heading"><pc:Coords points="217,454 217,1186 1658,1178 1648,443 217,454"/><pc:TextLine id="region_id_1_line0000"><pc:Coords points="217,454 217,1186 1651,1143 1648,443 217,454"/><pc:TextEquiv conf="0.8776955008506775"><pc:Unicode>IOANNIFRIDERICO</pc:Unicode></pc:TextEquiv></pc:TextLine><pc:TextLine id="region_id_1_line0001"><pc:Coords points="217,454 217,1186 1651,1143 1648,443 217,454"/><pc:TextEquiv conf="0.9437611103057861"><pc:Unicode>SOHOENBERG, Domino in FALCKENERG,</pc:Unicode></pc:TextEquiv></pc:TextLine><pc:TextLine id="region_id_1_line0002"><pc:Coords points="217,454 217,1186 1651,1143 1648,443 217,454"/><pc:TextEquiv conf="0.9766990542411804"><pc:Unicode>Septemviratus Saxoniei vice Iudici, &amp; Præfecto</pc:Unicode></pc:TextEquiv></pc:TextLine><pc:TextLine id="region_id_1_line0003"><pc:Coords points="217,454 217,1186 1651,1143 1648,443 217,454"/><pc:TextEquiv conf="0.9899963736534119"><pc:Unicode>VVitebergenſi, Beltzingenſi, &amp; Chom-</pc:Unicode></pc:TextEquiv></pc:TextLine><pc:TextLine id="region_id_1_line0004"><pc:Coords points="217,454 217,1186 1651,1143 1648,443 217,454"/><pc:TextEquiv conf="0.9960967898368835"><pc:Unicode>morrenſi digniſ:</pc:Unicode></pc:TextEquiv></pc:TextLine><pc:TextLine id="region_id_1_line0005"><pc:Coords points="217,454 217,1186 1651,1143 1648,443 217,454"/><pc:TextEquiv conf="0.8975163698196411"><pc:Unicode>OLIGERO ROSENCRANTZ.</pc:Unicode></pc:TextEquiv></pc:TextLine><pc:TextLine id="region_id_1_line0006"><pc:Coords points="217,454 217,1186 1651,1143 1648,443 217,454"/><pc:TextEquiv conf="0.9388582110404968"><pc:Unicode>D OMINO IN ROSENHOL M.</pc:Unicode></pc:TextEquiv></pc:TextLine><pc:TextLine id="region_id_1_line0007"><pc:Coords points="217,454 217,1186 1651,1143 1648,443 217,454"/><pc:TextEquiv conf="0.9279860258102417"><pc:Unicode>GEORGIO TOEBINCIO patritio</pc:Unicode></pc:TextEquiv></pc:TextLine><pc:TextLine id="region_id_1_line0008"><pc:Coords points="217,454 217,1186 1651,1143 1648,443 217,454"/><pc:TextEquiv conf="0.9845861792564392"><pc:Unicode>&amp; Senatori Lunæburgenſi.</pc:Unicode></pc:TextEquiv></pc:TextLine><pc:TextEquiv><pc:Unicode>IOANNI FRIDERICO
SCHOENBERG, Domino in FALCKENERG,
Septemviratus Saxonici vice Iudici, &amp; Præfecto
VVitebergenſi, Beltzingenſi, &amp; Chom-
morrenſi digniſs:
OLIGERO ROSENCRANTZ,
DOMINO IN ROSENHOL M.
GEORGIO TOEBINGIO patritio
&amp; Senatori Lunæburgenſi.</pc:Unicode></pc:TextEquiv></pc:TextRegion><pc:TextRegion id="region_id_2" type="heading"><pc:Coords points="496,1197 1398,1197 1398,1325 768,1330 478,1253 496,1197"/><pc:TextLine id="region_id_2_line0000"><pc:Coords points="496,1197 1398,1197 1398,1325 768,1330 478,1253 496,1197"/><pc:TextEquiv conf="0.9159164428710938"><pc:Unicode>Domin cenatibus ſus optim, ſumma</pc:Unicode></pc:TextEquiv></pc:TextLine><pc:TextLine id="region_id_2_line0001"><pc:Coords points="496,1197 1398,1197 1398,1325 768,1330 478,1253 496,1197"/><pc:TextEquiv conf="0.969869077205658"><pc:Unicode>obſervantia colendis.</pc:Unicode></pc:TextEquiv></pc:TextLine><pc:TextEquiv><pc:Unicode>Dominis Mœcenatibus ſuis optimis, ſummâq
obſervantiâ colendis.</pc:Unicode></pc:TextEquiv></pc:TextRegion><pc:TextRegion id="region_id_3" type="drop-capital"><pc:Coords points="222,1339 222,1630 527,1630 527,1339 222,1339"/><pc:TextLine id="region_id_3_line0000"><pc:Coords points="222,1339 222,1630 527,1630 527,1339 222,1339"/><pc:TextEquiv conf="0.344778835773468"><pc:Unicode>d&amp;</pc:Unicode></pc:TextEquiv></pc:TextLine><pc:TextLine id="region_id_3_line0001"><pc:Coords points="222,1339 222,1630 527,1630 527,1339 222,1339"/><pc:TextEquiv conf="0.5612212419509888"><pc:Unicode>N</pc:Unicode></pc:TextEquiv></pc:TextLine><pc:TextLine id="region_id_3_line0002"><pc:Coords points="222,1339 222,1630 527,1630 527,1339 222,1339"/><pc:TextEquiv conf="0.19985635578632355"><pc:Unicode>i</pc:Unicode></pc:TextEquiv></pc:TextLine><pc:TextLine id="region_id_3_line0003"><pc:Coords points="222,1339 222,1630 527,1630 527,1339 222,1339"/><pc:TextEquiv conf="0.2593929171562195"><pc:Unicode>ea</pc:Unicode></pc:TextEquiv></pc:TextLine><pc:TextLine id="region_id_3_line0004"><pc:Coords points="222,1339 222,1630 527,1630 527,1339 222,1339"/><pc:TextEquiv conf="0.4314939081668854"><pc:Unicode>eo</pc:Unicode></pc:TextEquiv></pc:TextLine><pc:TextEquiv><pc:Unicode>d&amp;
N
i
ea
eo</pc:Unicode></pc:TextEquiv></pc:TextRegion><pc:TextRegion id="region_id_4" type="paragraph"><pc:Coords points="536,1334 1652,1344 1660,2334 234,2357 229,1641 531,1640 536,1334"/><pc:TextLine id="region_id_4_line0000"><pc:Coords points="536,1334 1652,1344 1660,2334 234,2357 229,1641 531,1640 536,1334"/><pc:TextEquiv conf="0.9917052388191223"><pc:Unicode>Rtem Harmonicam rem eſſe divinam donumque di-</pc:Unicode></pc:TextEquiv></pc:TextLine><pc:TextLine id="region_id_4_line0001"><pc:Coords points="536,1334 1652,1344 1660,2334 234,2357 229,1641 531,1640 536,1334"/><pc:TextEquiv conf="0.9675483703613281"><pc:Unicode>vinum, cùm fnes &amp; tilitates, quorum gratiâ homi-</pc:Unicode></pc:TextEquiv></pc:TextLine><pc:TextLine id="region_id_4_line0002"><pc:Coords points="536,1334 1652,1344 1660,2334 234,2357 229,1641 531,1640 536,1334"/><pc:TextEquiv conf="0.9670849442481995"><pc:Unicode>num uſui ea eſt conceſſa, teſtantur; tùm &amp; in illâ la-</pc:Unicode></pc:TextEquiv></pc:TextLine><pc:TextLine id="region_id_4_line0003"><pc:Coords points="536,1334 1652,1344 1660,2334 234,2357 229,1641 531,1640 536,1334"/><pc:TextEquiv conf="0.9643575549125671"><pc:Unicode>tentia myſteria eandem ex venerandâ Trinitate ſca-</pc:Unicode></pc:TextEquiv></pc:TextLine><pc:TextLine id="region_id_4_line0004"><pc:Coords points="536,1334 1652,1344 1660,2334 234,2357 229,1641 531,1640 536,1334"/><pc:TextEquiv conf="0.5459476113319397"><pc:Unicode>X:</pc:Unicode></pc:TextEquiv></pc:TextLine><pc:TextLine id="region_id_4_line0005"><pc:Coords points="536,1334 1652,1344 1660,2334 234,2357 229,1641 531,1640 536,1334"/><pc:TextEquiv conf="0.9890731573104858"><pc:Unicode>Vtilitatum genera multa ſunt, inter quæ Oneſicrates hanc, quòd</pc:Unicode></pc:TextEquiv></pc:TextLine><pc:TextLine id="region_id_4_line0006"><pc:Coords points="536,1334 1652,1344 1660,2334 234,2357 229,1641 531,1640 536,1334"/><pc:TextEquiv conf="0.9845855236053467"><pc:Unicode>Muſica Deorum immortalium laudes, facta &amp; benefaſta canat, no-</pc:Unicode></pc:TextEquiv></pc:TextLine><pc:TextLine id="region_id_4_line0007"><pc:Coords points="536,1334 1652,1344 1660,2334 234,2357 229,1641 531,1640 536,1334"/><pc:TextEquiv conf="0.9843126535415649"><pc:Unicode>bis vult maximè commendatam, atque hâc ratione totum Muſi-</pc:Unicode></pc:TextEquiv></pc:TextLine><pc:TextLine id="region_id_4_line0008"><pc:Coords points="536,1334 1652,1344 1660,2334 234,2357 229,1641 531,1640 536,1334"/><pc:TextEquiv conf="0.99287348985672"><pc:Unicode>ces ſtudium, velut pium &amp; homini præcipuum, in precio haud mi-</pc:Unicode></pc:TextEquiv></pc:TextLine><pc:TextLine id="region_id_4_line0009"><pc:Coords points="536,1334 1652,1344 1660,2334 234,2357 229,1641 531,1640 536,1334"/><pc:TextEquiv conf="0.9968768954277039"><pc:Unicode>nori ab hominibus haberi. Quòd enim articulatam vocem Dii</pc:Unicode></pc:TextEquiv></pc:TextLine><pc:TextLine id="region_id_4_line0010"><pc:Coords points="536,1334 1652,1344 1660,2334 234,2357 229,1641 531,1640 536,1334"/><pc:TextEquiv conf="0.9821704030036926"><pc:Unicode>immortales horminibus largiti ſunt, id non ſine causâ factum</pc:Unicode></pc:TextEquiv></pc:TextLine><pc:TextLine id="region_id_4_line0011"><pc:Coords points="536,1334 1652,1344 1660,2334 234,2357 229,1641 531,1640 536,1334"/><pc:TextEquiv conf="0.9900359511375427"><pc:Unicode>eſſe Oneſicrates authoritate Homeri teſtari voluiſſe perhibetur.</pc:Unicode></pc:TextEquiv></pc:TextLine><pc:TextLine id="region_id_4_line0012"><pc:Coords points="536,1334 1652,1344 1660,2334 234,2357 229,1641 531,1640 536,1334"/><pc:TextEquiv conf="0.9958453178405762"><pc:Unicode>Facta enim Dei immortalis, tum &amp; laudes illius canere, pium eſſe</pc:Unicode></pc:TextEquiv></pc:TextLine><pc:TextLine id="region_id_4_line0013"><pc:Coords points="536,1334 1652,1344 1660,2334 234,2357 229,1641 531,1640 536,1334"/><pc:TextEquiv conf="0.990727961063385"><pc:Unicode>&amp; hominemprcipuè decere innuit. Quem finem ſaltem unicum</pc:Unicode></pc:TextEquiv></pc:TextLine><pc:TextLine id="region_id_4_line0014"><pc:Coords points="536,1334 1652,1344 1660,2334 234,2357 229,1641 531,1640 536,1334"/><pc:TextEquiv conf="0.9907044768333435"><pc:Unicode>ſi homo, qui Chriſto nomen ſuum dedit, ut decet, perpenderit, af-</pc:Unicode></pc:TextEquiv></pc:TextLine><pc:TextLine id="region_id_4_line0015"><pc:Coords points="536,1334 1652,1344 1660,2334 234,2357 229,1641 531,1640 536,1334"/><pc:TextEquiv conf="0.9970870614051819"><pc:Unicode>firmare non dubitabo, quin is conjecturâ aſſequatur, quod Muſica</pc:Unicode></pc:TextEquiv></pc:TextLine><pc:TextLine id="region_id_4_line0016"><pc:Coords points="536,1334 1652,1344 1660,2334 234,2357 229,1641 531,1640 536,1334"/><pc:TextEquiv conf="0.9877303838729858"><pc:Unicode>in vero uſu præguſtus ſit vitæ cœleſtis. Reliqua ſi addentur utilita-</pc:Unicode></pc:TextEquiv></pc:TextLine><pc:TextEquiv><pc:Unicode>Rtem Harmonicam rem eſſe divinam donumque di-
vinum, cùm fines &amp; vtilitates, quorum gratiâ homi-
num uſui ea eſt conceſſa, teſtantur; tùm &amp; in illâ la-
tentia myſteria eandem ex venerandâ Trinitate ſca-
turiiſſe &amp; originem inde primam traxiſſe, arguunt.
Vtilitatum genera multa ſunt, inter quæ Oneſicrates hanc, quòd
Muſica Deorum immortalium laudes, facta &amp; benefaſta canat, no-
bis vult maximè commendatam, atque hâc ratione totum Muſi-
ces ſtudium, velut pium &amp; homini præcipuum, in precio haud mi-
nori ab hominibus haberi. Quòd enim articulatam vocem Dii
immortales horninibus largiti ſunt, id non ſine causâ factum
eſſe Oneſicrates authoritate Homeri teſtari voluiſſe perhibetur.
Facta enim Dei immortalis, tum &amp; laudes illius canere, pium eſſe
&amp; hominem præcipuè decere innuit. Quem finem ſaltem unicum
ſi homo, qui Chriſto nomen ſuum dedit, ut decet, perpenderit, af-
firmare non dubitabo, quin is conjecturâ aſſequatur, quod Muſica
in vero uſu præguſtus ſit vitæ cœleſtis. Reliqua ſi addentur utilita-</pc:Unicode></pc:TextEquiv></pc:TextRegion><pc:TextRegion id="region_id_5" type="footer"><pc:Coords points="1152,2350 1170,2401 1665,2396 1664,2345 1152,2350"/><pc:TextLine id="region_id_5_line0000"><pc:Coords points="1152,2350 1170,2401 1665,2396 1664,2345 1152,2350"/><pc:TextEquiv conf="0.8335168957710266"><pc:Unicode>A 2 tum</pc:Unicode></pc:TextEquiv></pc:TextLine><pc:TextEquiv><pc:Unicode>A 2 tum</pc:Unicode></pc:TextEquiv></pc:TextRegion></pc:Page>
</pc:PcGts>