2193 2765
1105 520 1358 580 Reductio.
1139 716 1307 795 ta
1123 1049 1374 1110 Reductio.
635 1261 1949 1328 chema conſtructionem Concordantiarum inculcans, non prohibe-
529 1323 1947 1395 bit, quo minus Concordantiæ ad loca remotiom diſponantur. Aſectio
529 1391 1947 1457 namg Melodiæ à futuro Componiſta ſic effingi poteſt, ut ea remotionem
529 1449 1948 1518 diſtantium ſonorum exigat, & Harmoniæ damno futurum ſit, ut illa
529 1512 1953 1578 vel emendetur, vel ad normam præſcripti chemats conſtringatur. Lice-
529 1576 1942 1646 bit itaq latius diſponere concordantiarum ſonos, & quidem compoſtos,
529 1643 1946 1715 velut ſimplicibus æquipollentes: Verùm, ne remotio illa terminos exce-
529 1709 1947 1774 dat muſicos, mete ad idà veteribus Muſics ſunt adinventæ, inter quæ
529 1769 1945 1838 & adhue cantilenæ ſunt continende, vel quibus Harmoniæ conſtructio
529 1831 1942 1903 eff determinanda, illas ii dixâre Modos. Cujus rei uſum, omnibus i
529 1894 1946 1969 abſoluts, quæ ad cognitionem Modorum faciunt; & hoc in libello per-
529 1959 1905 2040 ſtringi poſſunt, ſubjungemus, e exemplo declambimus.
959 2062 1573 2113 V.
691 2130 1776 2200 EX CAPITE DE MODI.
559 2204 1942 2287 Modus eſt tam Melodiæ quam Harmoniæ determi-
533 2279 1852 2338 natio & usleóτs.
1874 2332 1950 2384 d
