2208 2765
179 177 1594 410 Habebuntur itaque ejuſmodi adventitiæ characteriſti.
179 177 1594 410 cæ pro meris nudisq́; diſſonantiis, totaq́; earum ſtructura,
179 177 1594 410 pro Diaphoniâ
177 372 1616 979 Ad tres primarios illos diſcretos ſinos alii diſcreti ad augmentum
177 372 1616 979 harmoniæ dari nequeunt, ſed tantum ſimiles & aquipollentes, qui ſunt,
177 372 1616 979 qui tribus iſtis primaris per ctavam ſimplicem vel ompoſitam vel
177 372 1616 979 Decompoſitam pares ſunt, & ob iddicti ſoni ſecundarn vel Compoſti.
177 372 1616 979 Quorum gmtiâ plures quidem ſoni accumulantur, ſed non omnes ſtatim
177 372 1616 979 inter ſe ſunt diverſi, verum alii aliis pares vel æquipollentes. Ad a
177 372 1616 979 mim κ & e vel f, ſi adjicietur a vel c vel f vel Avel C etc. non novus
177 372 1616 979 diverſus ſonus ad harmoniæ incrementum acceſſerit, ſed tantum
177 372 1616 979 quiſonus vel æquipollens.
203 950 1619 1483 Intercapedines ſonorum ſuis quidem nominibus de-
203 950 1619 1483 ſignantur, ut Secunda; Tertia,& Quarta, &c. vel Dito-
203 950 1619 1483 nus Diateſſaron &c. ſed mutuatis ab illâ Muſices parte,
203 950 1619 1483 quam dicunt Theoricam. Ouando uſus mentionem illo-
203 950 1619 1483 rum nominum expoſcit in Poëtica, nomina illa de Con-
203 950 1619 1483 centibus vel etiam diaphoniis ſunt intelligenda & acci-
203 950 1619 1483 pienda non de Intervallis quæ dantur In ſonorum ſucceſ
203 950 1619 1483 ſione unius ſolum Melodiæ.
342 1524 1485 1831 IIII
342 1524 1485 1831 EXCAITE DE COMCO R.
342 1524 1485 1831 dantiarum yntaxi.
773 1872 1093 1939 Ohſervationes.
204 1928 1641 2134 J. MELoDI & HRoN4 differunt, eò quod
204 1928 1641 2134 hæc ſit modulamen, ex plurium vocum Melodiis in har-
204 1928 1641 2134 moniam devinctum; Illa unius ſolùm vocis affectio.
221 2122 1637 2275 JJ. Datô unius Melodiæ ſonô, aliarum ſoni ex hôc ſub-
221 2122 1637 2275 ſequenti Schemate cum compendiò adordinantur.
1356 2308 1670 2382 ciM
