2209 2765
375 214 1693 287 Deinde Plagiis in Mediatione, & is Minus prin ipa-
268 287 358 343 lis;
383 345 1693 416 Tertio in alio aliquo lè icν loco, & is Affinalis
257 418 485 469 dicitur.
806 474 1152 557 Exempla.
868 882 1073 933 XIIII.
320 1002 1639 1080 EXCYPITIBV DE M0.
457 1094 1481 1176 niarum generibus antipbonornm.
377 1228 1687 1299 (antilenarum menſurmlium non æqualis ſemper ſonorum quanti-
267 1293 1686 1368 tatis ſyntaxin ſive compoſitionem fieri tum earundem in intervalli
258 1359 1685 1432 ſimplices & compoſitos motuum gadus eoſdem non ſervari quum
269 1421 1685 1497 deprehendatur, diſtinctionem quandam in re utm habendam eſſe ope-
269 1485 1685 1560 ræprecium arbitramur. cum ob confuſionem evtandam, tum ob id,
270 1558 1099 1625 quòd à veteribus illa non fuit neglecta.
379 1611 1685 1685 es autem certò velut Charactere ab invicem diſcernuntur, duplici,
264 1681 1683 1751 alterô, qui conſiſtit in ſonorum uantitate alteró, qui in inter vallorum
255 1742 1364 1819 ſimplicium & compſuorum gradibus. 0
383 1808 1672 1873 Hic dicitur Genus Modulaminum;lle Antiphonum.
293 1873 1680 1946 GENuseſt motus ſonorum per gradus intervallorum
270 1941 1323 2009 ſimplicium & ex illis compoſiturum actus.
348 2005 1678 2061 Primum dicitur ENIARMONICCu M, veteribus non
270 2071 1679 2137 ita, atquè nobis incognitum, quod inter vallorum motun
268 2133 1676 2204 per dieſios diaſciſmata hoc eſt ſemitonii Minoris dimidia
270 2193 1679 2269 deductum, pro charactere habuit. qualiter id exempiô
267 2264 1615 2339 hôc liceat & ſit declaratum
1103 2384 1685 2444 12 deſ
