2191 2767
314 223 1627 294 UIs'oRu tot ſoni in harmoniam coguntur,
209 291 1626 359 quot ex vocibus illæ conſtabunt. v i quatuor vocum Fu-
200 355 1626 425 ga ſit futum, ad quoſcung tacus quatuor ſoni copulabuntur juxta leges
206 420 1626 485 harmonicæ conſtructionis, & exiſtent quatuor Melodiæ. Quarum una
204 481 1626 551 cujuſcung ea vocis ſit ex ſyntaxi univercâ deſumatur, & in fugam ad-
204 545 1624 610 ornetur. Illi præter reliquarum nulla Melodia ſubſterni commodius
199 609 1626 676 poteft, quam Baſeos, propris ſus intervalli in ſimilia converſis, ab
206 674 1623 741 Ambitu qus fuga circumſcribitur, recipienda (quod in reliquis eft
202 738 1624 806 tenendum). Quâ ſubſtatâ, reliqu concordes facilimo ſe tum negocio in
202 800 1623 868 concordiam component. Quod boc exemplum palam faciet, eonſtructum
204 869 545 916 tribus Melodii.
1021 932 1624 995 Quæ tres connexæ Melodiæ in
997 994 1621 1063 fug adordinationem ſic reſol-
1009 1074 1165 1109 vuntur.
791 1692 1040 1762 Obiter.
281 1775 1627 1848 Fugis, quando deſcribendæ erunt, nomen ſive inſcri-
202 1844 1627 1916 ptio eſt concilianda, juxta quam de vocum pluralitate vel
222 1908 1627 1977 aucitate judicari qucat: & quam diu mimiticæ voces ſi-
203 1928 1627 2037 XeXtXt
204 2029 1622 2103 tum & hôc ſignô vel uni im contextu ſcripturarum no-
203 2098 1613 2167 tarum infixo: illud ſupra delcriptionis contextum diſtan.
205 2164 1615 2231 tiæ vocabuli inſcriptione indicatur, ad formam Fugæ
205 2232 1539 2302 paulo ants rolatæ.
960 2345 1613 2439 Fa
