2208 2765
241 228 1684 874 literas (quod vernaculâ abſetzen vocamus); de concordantiis & diſcordatijs
241 228 1684 874 muſicis: ex quibus illæ yulgo in perſectas, quæ ſe mutuò inuicem ſequi non poſ-
241 228 1684 874 ſunt, niſi inſima vox deſcendat, ſuprema aſtendat. v. g. () & imperſe.
241 228 1684 874 ctas quæ ſe mutuò ſequi poſunt. Diſcordantijs autem fere nullus est locus, niſi
241 228 1684 874 in clauſulis formalibus quas voc ant. Imprimis verò placuit mihi doctrina de
241 228 1684 874 Modis & Figuris: & quoi in harum tractatione Molos Fugarum tùm ſimpli-
241 228 1684 874 cium, tùm coniunctarum (Coniunctas autem voco, quæ per concordantias fiunt)
241 228 1684 874 ex tam infinir fere multitudine, aliquot conſtituerit, eosq oratorijs vocabulis
241 228 1684 874 appellauerit. Quare ipſi meo nomine gratias ages, & ut hoc bono publicum
241 228 1684 874 bonum iuuare velit, eum excitabis, & currenti calcaia addes. B. V. amice
241 228 1684 874 Stati.
408 818 1004 880 ex Muſeo. 7. Iul. Anno 1599.
493 870 1661 990 T. IOHANNESSIMONIVSin Academia
493 870 1661 990 Roſtochienſi Oratoriæ Facultatis Profeſſor.
372 1055 1611 1193 M. IOOAACCHMMO BlRMEISTERO,
372 1055 1611 1193 amico & Collegæ ſuo colendo. S.
257 1186 348 1306 P
215 1182 1677 2373 Erlegi, doctiß. Dne. M. Ioachime, tuam ίdlip,uti vocasMuſicæ Poi.
215 1182 1677 2373 ticæ: quâ non tantùm rationem componendi cantum: vel leges Conſonanti-
215 1182 1677 2373 arum ſyntacticas, & modos muſicos tùm Schematibus: tùm accurrati diviſi.
215 1182 1677 2373 onibus cognoſcendos proponis: verum etiam omnia aptis & convenientibus vo.
215 1182 1677 2373 cabulis, ex Rhetorum officina, alijsq; artibus leſumptis, enuntias, ut eo minor in
215 1182 1677 2373 vocum ambiguitatibus exiſtat error hæſitatio. Etſi autem ſine dubio defu-
215 1182 1677 2373 turi non ſunt, quibus hæc ob novitatem terminorum non omnino probabuntur:
215 1182 1677 2373 tamen cum ex hiſce tuilucubrationibus non exiguus fructus ad rem literariam
215 1182 1677 2373 eſt perventurus; atq; omnes Philomuſi rem gratißimam ſibi fieri haud nega
215 1182 1677 2373 bunt; non poßum te non hortari, ut in tuo inſtituto pergas & ec præcepta typi
215 1182 1677 2373 excudenda atq; cim alijs comminicanda, tanquam Bonum Commune, cures.
215 1182 1677 2373 Vtinam tali ſimili; ſtudio hæc tota ars penitus indagari c cognoſci queat.
215 1182 1677 2373 Et ſi enim cognitio & diſcrimen Modorum tùm ex ià ů Mediatione tùm
215 1182 1677 2373 ex poſitu Seimitoniorum perſpicitur, atq; ideò ſingulis modi ſua vis at; effica-
215 1182 1677 2373 cia, tanquam propri attribuitur: hanc tamen an ſolus ſemitoniorum poſitus
215 1182 1677 2373 non minus creet, quam ipſos Modos inter ſe diſcriminet, non abs re quæritir.
215 1182 1677 2373 Conſt at enim ex antiquis ſcriptoribus, proprietates Modorum apud ve
215 1182 1677 2373 teres ita mclulando eſſe expreſſas, ut non tantum aures, attingerent: Verum
215 1182 1677 2373 etiam al cor penetrarent: unde affectus hominum vel ardentiores vel re-
215 1182 1677 2373 mißiores yel grauiores yel leuiores aut etiam triſtiores, &c. extiterint. Si
