2167 2765
655 879 1952 952 Duæ illæ connexiones ſonorum characteriſtieæ ad unguem ſunt ob.
541 942 1951 1014 fervande, ut, quando vel Componiſta futurus à ſeips, vel ab eô alius ſie
547 1008 1955 1070 exacturus, quas nam chaacteriſticas, ſonorum chamcteriſtica baſis vel
547 1068 1955 1139 a vel d vel f etc. in alterâ capacitate ſimplicium ſonorum conjugato-
547 1129 1953 1202 rum ſibi adungat, mtionem reddere queat exactam. In quó unicô omni
541 1193 1952 1268 ferè labor cantum componendi conſſtit. Quem ſi exantlaverit, reliquum
544 1259 1952 1333 totius negocii de arte compoſitoriâ, minors labors, qùam ut unquam
541 1325 1149 1391 peari potuiſſet, erit futurum.
649 1387 1946 1454 Literarum ſic connexarum una alius dicitur conjugata
547 1446 1640 1513 ſoni characteriſtica, vel character conjugatus.
562 1507 1947 1577 Obſervatio autem illa in hunc modum ſi inſtituetur, non abs r
541 1568 818 1633 factum fuerit.
648 1634 1947 1724 Litera, quæ reliquis Conjugatis erit baſis, primò om-
542 1698 1088 1764 nium eſt ſuſcpienda:
647 1765 1947 1835 Deinde Capacitas, in quã Conjugati ſonorum ſimpli-
541 1827 1730 1896 ces ſibi cohærent obſer vatione non negligenda
642 1891 1942 1965 In priori Schemate a, u e f (ut exemplum ab a ſumatur) in po-
541 1953 1944 2027 ſteriort a x & e connexi hi pro perfectius conſonantibus Con ti
541 1983 1939 2087 X5XXiüXiXXiX5XXre
541 2077 1937 2147 aliter cum quibuſdam chamcteribus connecteretur, ut exhiberet in con-
541 2142 1939 2224 nexione vel b vel d vel g ſibi ſuperſtructa, judicari tunc aliter nequiret,
541 2203 1939 2312 ee w trnmmn rrenu,uda omaman aau ei
1780 2352 1937 2403 Habe-
