2247 2765
240 204 1668 1773 accenſum iri, cum animum memoriamque induxerit, qui ſe ha
240 204 1668 1773 beat, quòd modò hoc; modò illud; aliudvè; item alterum en
240 204 1668 1773 ejuſmodi conſiat partibus, quæ inter ſe concinnæ ſunt, quæ que
240 204 1668 1773 congruentiatn ariunt ſua viſsimam? Qui quoq; in nudæ Octava
240 204 1668 1773 ſeu Diapaſôn capacitate, partes æquam relationem habentes, har.
240 204 1668 1773 monicæ confiant? Non me herclè arbitror Pysram, ri
240 204 1668 1773 ſtotelem, Platuen, alios E os ardore contemplandi
240 204 1668 1773 incenſos, in Muſices penetralia deſcendiſſe, & in ejus cognitionem
240 204 1668 1773 ſibi compatandam tantum laboris & ſtudii ſumpſiſſe, qualiter illos
240 204 1668 1773 feciſſe in comperto eſt, ni illis viſum non tam fuiſſet, quàm re ipsâ
240 204 1668 1773 ipſi cognoverint, eiuſodi quid ex hâc arte ſperari potuiſſe. ui
240 204 1668 1773 mihi videatur indignam homine ingenuo rem committi& quidem
240 204 1668 1773 De i uuiuiui ſummam ingratitudinem probari, ſi
240 204 1668 1773 non hæc ars cognoſcendo colatur, excolendo augeatur, aucta pro-
240 204 1668 1773 pagetur. An proptereà, quùim in contemptum nefariâ hominum
240 204 1668 1773 malitiâ & abuſu turpi deducta eſt, res quæ per ſe bona eſt, deſpe.
240 204 1668 1773 ctui nobis tota ſit, nosque eam interire potiùs ſinamus, quam ut ab
240 204 1668 1773 interitu eam vindicemus? In laſii ſsrxirium longiùs recedere
240 204 1668 1773 coacta (proh dolor)eſt, quam ut fas eſſet. Verùm quæ corrigi ne-
240 204 1668 1773 queunt celerrimè, ad meliorem frugem paulatim ſenſimvè reduci
240 204 1668 1773 poſſe ſperentur. Interim tamen rei ipſi in ſuæ naturæ bonitate
240 204 1668 1773 nihil decedat, & iccircò ardenter amplectenda cenſeatur; & ad po
240 204 1668 1773 ſteros uſque conſervanda, atque ita beneficium Dei gratitudinis
240 204 1668 1773 quâdam declaratione recolendum, proque noſſe & poſſe à quô-
240 204 1668 1773 vis, potiſsimum eô, cujus muneri id incumbit; vel cui in naturâ
240 204 1668 1773 ſuâ cum harmoniâ eſt quædam congruentia conſtituta, interitus
240 204 1668 1773 Muſice cavendus.
237 1765 1651 2379 Quod cum ita ſit, Viri Nobiliſs: Clariſs: Ampliſs: ad me
237 1765 1651 2379 etiam pertinere agnoſco, quod ab aliis fieri deberi innuo. Quapro-
237 1765 1651 2379 pter operam huic arti ſuperioribus menſibus dedi, eamque illuc
237 1765 1651 2379 usque poſui, ut qui Chorus dextrè gubernari; cantus novus effin.
237 1765 1651 2379 gi; & quæ in arte hâc præcipua & nobilia ſunt, hactenus velut
237 1765 1651 2379 propriô nomine orbata, quomodò iiſdem nomina dari poſsint, ne
237 1765 1651 2379 ſermo ob penuriam nominum,ad rem ipſam collatione explican.
237 1765 1651 2379 dam, incaſsùm ſuſcipiatur, anſam præberem. Ex laboris mei illius
237 1765 1651 2379 acervô hanc nuper congeſsi Synopſin, quæ memoriæ & expli-
237 1765 1651 2379 cationi ſit non ſolum illi, qui primus huic meo labori autor extitit,
1015 2354 1648 2419 A3 ſed &
