2154 2765
601 766 1923 839 Secundum dicitur Di ro cuM, quod ſimplicia
498 835 1921 899 intervalla per Tonum & Dieſin digredientia, tum & ex
500 898 1385 965 illis compoſita pro charactere gerit
486 959 1926 1040 Ejus exempla ſunt omnes ferè cantilenæ, quæ in lucem hactenu
489 1025 1923 1098 prodierunt, except paucs & potißimum is quæ Fictæ a nonnullis di-
486 1091 1204 1148 cuntur.
609 1150 1927 1218 Tertium dicitur CuRo T Icu quod intervallo-
503 1220 1931 1288 rum gradus tam ſimplices quam compoſitos per utraque
504 1280 1920 1352 ſemitonia motos pro charactere gerit chromatibus ſive ſe-
509 1347 1924 1418 mitoniorum figuris notata, qualiter illi hoc ſchemate ſint
498 1416 1019 1473 ad oculum delineati.
1772 2272 1931 2356 nter.
