2191 2765
520 213 1944 291 Ga Go a h eh. Mldia h Diſcati termina-
520 281 1944 354 tur Ambitu, qui eft ex d e d. Iutervalla ejus ſurſum ad natumm
520 344 1941 418 τc ρs feruntnr. Cui ſi Baſſus erit adordinanda,ea, ſuo Ambits
520 412 1941 482 nimirum inter g & G verſante, diſtantiam extremitatum utriusq
520 474 1940 541 Ambitus ad Decimam nonam (ut vulgo vocant) procreabic. In qua-
520 536 1943 608 rum duarum vocum opemtione ſyntactic, Schematis ductum de Con-
520 602 1944 670 cordantis connectends, prout ibi ex omni parte eft præſcriptus
520 663 1940 736 tyro ſequi non potes, nec quog neceſſe babit. Quod autem ſuas hûe
521 728 1942 800 ppeas non conferre valeat, nec id qug affirmabitur. Quandoqeidem
521 789 1943 866 verò ipſum eò utilitati illic eft prſcriptum, ut doceretur diſcereturq
523 858 1944 929 Concordantias ſepenumerò ad multas vices poſſe variar, ita tamen,
522 921 1947 992 ut, ad unum Chamcterem conjugatum habitô reſbectu, ſimiles conugan-
523 981 1951 1051 tur & non novi adducantur. E atione, ſi in dato exemplo Baſi in-
523 1046 1945 1121 tervalla ad natuam έors efformentur in hunc modum: g ED
520 1108 1946 1188 g D B A G. e ſic appareat /yntaxs
528 1373 1942 1452 illihil flagitari poſit, quam ut ſonjugati cbaracteres copulentur.
530 1438 1948 1516 Et ſi plures adderontur voces quò major auctiorve fieret Harmonia,
528 1502 1956 1583 in operatione illâ non alius novusvé labor expeteretur, præterquam quòd
529 1569 1302 1649 oporteret horum ſemper recordart.
528 1646 1944 1714 1. Ins memariam revocentur conjugati characteres
529 1712 1947 1793 tam qui perſactius, quàm qui minus perfectius conſonant:
530 1785 1210 1848 tum etiam ex iis compoſiti.
530 1836 1948 1917 2. Conſquentiæ intervallorum cν τiς ẽgπ io,
534 1913 1646 1978 Doctrinâ de Solœciſmis præcautæ, evitentur.
528 1970 1945 2044 3. Ambituum termini in quacunqus voce probè ob-
533 2055 1469 2103 ſerventur.
613 2167 1956 2244 In quorum metâ confidenter circumambulando concordantiæ vel ad
529 2233 1946 2306 eontactiaa vel ad remotioa loca pro ut exempla bonorũ Autorũ & ex-
531 2297 1949 2361 ercitatio ipſa adhibitô judiciô id ſurrogabunt, contractius vel latius con-
