2191 2767
657 213 1898 286 CLAE EDIPICA
702 296 1666 385 & compendioſa inveſtigatio.
661 402 1888 498 Schema de Clauſulæ ſede inquirendâ,
958 491 1587 558 indicem ſtellarum gerens.
993 1922 1543 1992 ENODATIO.
659 2001 1828 2073 Circulus expromit SEDEM, quâ CLAVSIA locanda eh,
767 2068 1854 2123 Summus ut A VTIIENTIS; imus ut & PLAGIIS:
658 2120 1609 2180 Inter ſic medios C O NTI intentior, imus,
713 2182 1654 2245 DEMISSInomen ſurrogat omne Modi.
659 2235 1648 2299 Poſt ut in o CTAVA quiſquam diſqquirere SEDES
758 2296 1448 2364 Poßit, i adnexâ hâc ex ratione patetr
1831 2367 1967 2407 CIA.
