2191 2767
846 104 1696 309 Huga n unmſono trium poſt
515 936 1999 1219 Reliquę ex duabus plerumq; conſtant vocibus, quem-
515 936 1999 1219 admodum ejus rei paulò ante mentionem fecimus, alterâ
515 936 1999 1219 ab alterâ diſtante per intervallum, à cujus cum Epi vel Sub
515 936 1999 1219 compoſito nomine nomen adepta eſt Fuga⸗
524 1198 1968 1410 In compoſitione illâ Nominum ſive titulorum, qui-
524 1198 1968 1410 bus Fugæ inſcribuntur, Epi denotat, modulandi initium
524 1198 1968 1410 fieri dcbere ab inferiori voce: Sub à ſuperiori.
523 1395 1986 1602 Quæ vox modulandi initium facit absque dubio pro
523 1395 1986 1602 Reali voce erit habenda; Altera, melodiam ruminans,
523 1395 1986 1602 pro Imaginaria.
516 1576 1981 2114 In paxi demum ejuſmodi Fugarum, licet compendium aliquod
516 1576 1981 2114 dari poſſet, causâ operoſioris amovende opemtion: tamen quia mult
516 1576 1981 2114 id obſervationilus, quas Inſcriptiones earum ſuppeditarent, uas
516 1576 1981 2114 textura oynopſis bujus recipere recuſaret, perſtringendum eſſet, copiam
516 1576 1981 2114 illarum conſultò præterimus, ſtatuimuq;, quia duarum ſaleem vocum
516 1576 1981 2114 opemtio peragatur, paucitatem vocum cuig in doctrina de concordantis
516 1576 1981 2114 coaptands exercitato, ſi rmtioni Vniſonas Fugas adornand probè ad-
516 1576 1981 2114 bæſerit, ſurrogaturam eſſe.
510 2101 1992 2242 Ne tamen officio noſlro planè defuiſſe videamur, anſam ad com-
510 2101 1992 2242 endii inventionem ſic præbebimus.
625 2230 1776 2323 onſtruantur duæ Melodiæ, quarum hoc eſlo exemplum:
1736 2358 2021 2440 Altem
