2172 2767
281 221 1516 303 FIMI IVDEX OC 7ICO
582 305 1212 399 compcndio inquiritur.
163 1269 1634 2429 Ab eô, quô à doltrinâ de conſtruendi concordantii, ad alias di-
163 1269 1634 2429 greſi buc uſq ſumus, tyronem muſicum bactenus detinuimus, ne quo ipſi
163 1269 1634 2429 ibi ſumeret poteſlatem concordantias rematius cum diſpendio diſponendi
163 1269 1634 2429 diſtendivé. Et remiſimus illum hûc, tanquam ad llam doctrinam, quæ
163 1269 1634 2429 illi copiam ejus ſuppeditare poſſet idoneam e ſufficientem, promit-
163 1269 1634 2429 tentes, quod opemm e ſtudium ita ipſiſimus probaturi, ut doctrina illa
163 1269 1634 2429 per expemplum explicita ſatsſuperg intelligi pſit planag fiat. Quod
163 1269 1634 2429 quoniam ita factum eft, ex debito a nobis requiri videtur, ut, quæ illic
163 1269 1634 2429 fecimus, hic nune promiſſa ſolvamus. Quapropter ills ſtantes ſignfica-
163 1269 1634 2429 mus, tenendum eſſe, dum ſingulæ voces certi alicujus Ambitus metis ter-
163 1269 1634 2429 minantur, quod, earum ſi duæ ſaltem in ſonjugium copularentnr, lon-
163 1269 1634 2429 gius remotiuſve ſpacium extremitatum conjugi diſtantium, eæ ſint
163 1269 1634 2429 exacturæ, quàm à nobis Schemate illô ſunt determinata, ne dum plures:
163 1269 1634 2429 Et hic nune eô nomine connexionum partes diſſolvi & concordanttas
163 1269 1634 2429 librius ad remotiom loca diſtendi poſſe e concedi in promptu eft. Vt
163 1269 1634 2429 autem id mags perſpicuum fiat, exemplum advocemus hocce, ex Hh-
163 1269 1634 2429 pomixohydio Modo, qui illius eft Qualitatu,gua ex eſt, petuum.
933 2381 1638 2459 F2 46/
