2191 2765
523 226 1977 633 qu i in obtinet, à nobi vero contmri id fiat modo, tanquam vo-
523 226 1977 633 cularum (Dualis, Molli) genuinam ſignificationem, & cum bcon-
523 226 1977 633 nexions concordis affectum & natumm conſidemntibus, quilibet Mo-
523 226 1977 633 dus nunc Dauræ Qualitats fit particeps, factâ quadam ex
523 226 1977 633 propriâ in alienam ſedem analogicâ trmnſpoſitione, in quâ intervallorum
523 226 1977 633 iidem manent termini cui nihil fictitii admiſcetur.
526 604 1971 968 Fit autem ea vel in aſcenſum per Quartam; vel in de-
526 604 1971 968 ſcenſum per Quintam: Illa in Qualitatem eam, quæ ex Fa
526 604 1971 968 cſt, ex hac quæ eſt ex Mi vel ex quadrato; Hæc ex illâ
526 604 1971 968 quæ Qualitatem ex Fa habet in illam quæ eſt ex Mi, vel
526 604 1971 968 B rotundo.
520 957 1977 1178 Quod ad intuitum ſequentibus typ palam eddere conati ſumus.
520 957 1977 1178 Primum illô, qui gladium cum tanſversô baculô velut indicem gerit,
520 957 1977 1178 Tianſpoſitionem Authentarum inculcans.
