2193 2765
558 242 2031 387 probatus motus eft qui in contarium nititur harmoniamg non obſcu-
558 242 2031 387 at) conſtructam harmoniam obſcuritati involvents.
801 391 1833 488 Inter Solœciſmos primas tenet.
593 467 2047 691 TAqui committitur quando diverſi, aut
593 467 2047 691 Uniſoni; aut Quintæz aut Octavæ pari motu ſe iubſe-
593 467 2047 691 quuntur.
1157 661 1479 753 Exemplum.
810 1234 1596 1345 Reliqui Solœciſmi ſunt.
610 1324 2050 1459 SROPE cujus varii ſunt incompoſiti & iis con⸗
610 1324 2050 1459 trarii motus, in hunc modum delineati.
1661 2354 1897 2432 Exempla
