2208 2767
524 600 1280 698 Qui hâc ratione ad notas reducuntur.
219 1225 1639 1586 Soni qui perfectius conſo-
219 1225 1639 1586 nant, illos amplexus vel circuitus Qur E fovet & cingit.
219 1225 1639 1586 in cujus capacitate ſonus a ſono diſtat per Tertiam, vt id
219 1225 1639 1586 ipſum annexum Schema, quod eorum characteriſticam
219 1225 1639 1586 conjunctionem exhibet, teſtatur & manifeſtum facit·
309 1603 1568 1772 SCHEMA SoNoS PRIMARIOS IN
309 1603 1568 1772 capacitate quint copulatos exhibens.
567 2206 1316 2282 ui hac ratione ad notas reducuntur.
916 2316 1660 2403 C 3 Supe
