2209 2765
516 220 1948 1025 igitur ex diuerz tuntummodo ſitu Semitoniorum in cantibus tam diterſiu
516 220 1948 1025 ſequutus ſit in animis hon inum affectus: cur & nos idem in noſtrarum cin-
516 220 1948 1025 tionum modulutione non experimur? cur idem ctus atuiens rdine omitm
516 220 1948 1025 Modorum diſtinctas cantiones, vix ſentiat aſfectus anii mutari, & aut ala-
516 220 1948 1025 criores aut triſtiores ſieri: niſi ſortè voces inſtrumentave Muica intenduntur
516 220 1948 1025 aut leniantur, aut altô mod mutentur: Sel quod ex huiuſ nodi ſonorum mlt-
516 220 1948 1025 tatione in animis hominum reſidet, id non Molorum, ſed vocum diuerſitati tri-
516 220 1948 1025 huendum eſt. Deinde cur præſtantißimi Muſici eundem textum alijs t,
516 220 1948 1025 deo naturâ diuerſis Molis attribuunt, vtpote qui verba grauutate pollentia
516 220 1948 1025 tai remiſis quam cxcitati Modi accommodant. Verumenimvero utlſeſe re
516 220 1948 1025 habet illi certè gratia eſt habenda, qui dotes a Deo ſibi conceßas eo referunt,
516 220 1948 1025 ut artes, ad quas ſtudium ſuum & operam cotulerunt, redlant paulatim f-
516 220 1948 1025 ciliores & illuſtriores. Vale. Datum Roſt ochj 7. Idus Auguſti. Anno 99.
708 998 1883 1112 M. STATIVS OLTHOFF, Prorector
708 998 1883 1112 Scholeæ Roſtochienſis.
956 1245 1368 1306 Auclor Lectori S.
570 1263 717 1378 O
530 1311 1224 2281 Vod, Lector, ſolidum, bone,
530 1311 1224 2281 4rtis gctiſan non ſequimur modum;
530 1311 1224 2281 Conſtat nec tenor integer,
530 1311 1224 2281 4 quem Mnemoſne fertilis ingeni
530 1311 1224 2281 Doctè concipit ac parit
530 1311 1224 2281 A7tes ingenuas: te moyeat minus.
530 1311 1224 2281 Techne hic ſeryiet haud labor,
530 1311 1224 2281 ed Mneme, titilus premonet utlibri.
530 1311 1224 2281 Namquè arctæ breuitati e
530 1311 1224 2281 Hlæc ſemper peramans: Illa ſideliùs
530 1311 1224 2281 Tractat ; ſummaquè pondera
530 1311 1224 2281 Kerum dexteriùs penſitat; ordini
530 1311 1224 2281 Claram ſuſpicit ac tenet
530 1311 1224 2281 Oignè perſp icui magnificentiam.
530 1311 1224 2281 Quare, ſi paribus benè
530 1311 1224 2281 emper ionyeniat cum paribus; iuutt
1242 1299 1950 2252 Et Mnemen breuitas; bona
1242 1299 1950 2252 At Tehnen metholus iture bono breye
1242 1299 1950 2252 Po illi ſtudium: neuè
1242 1299 1950 2252 Inca'ius fugio, quæ brevitas fugit.
1242 1299 1950 2252 Huius ſacra aeuntibus
1242 1299 1950 2252 Monſtraturus iter pone meabile,
1242 1299 1950 2252 De lucam comitantia
1242 1299 1950 2252 Artis que ſolitum,fila habeant modũ.
1242 1299 1950 2252 Mirare haul nomin
1242 1299 1950 2252 Rebus Melpomenes indita egentibuu.
1242 1299 1950 2252 Rerum plurimus uſus et,
1242 1299 1950 2252 Qui quanlo eſt, licitũ eſt nomina fin-
1242 1299 1950 2252 Fu, quod ſualet & quitas, (gere.
1242 1299 1950 2252 Et mens æqua, molò candidis feras
1242 1299 1950 2252 Cenſuram, exitiabili (tas.
1242 1299 1950 2252 Quam Momi mala nunc noyit iniqui-
1647 2278 1939 2356 TIOMNII.
