2191 2765
507 198 1974 1200 Ga Go a h eh. Mldia h Diſcati termina-
507 198 1974 1200 tur Ambitu, qui eft ex d e d. Iutervalla ejus ſurſum ad natumm
507 198 1974 1200 τc ρs feruntnr. Cui ſi Baſſus erit adordinanda,ea, ſuo Ambits
507 198 1974 1200 nimirum inter g & G verſante, diſtantiam extremitatum utriusq
507 198 1974 1200 Ambitus ad Decimam nonam (ut vulgo vocant) procreabic. In qua-
507 198 1974 1200 rum duarum vocum opemtione ſyntactic, Schematis ductum de Con-
507 198 1974 1200 cordantis connectends, prout ibi ex omni parte eft præſcriptus
507 198 1974 1200 tyro ſequi non potes, nec quog neceſſe babit. Quod autem ſuas hûe
507 198 1974 1200 ppeas non conferre valeat, nec id qug affirmabitur. Quandoqeidem
507 198 1974 1200 verò ipſum eò utilitati illic eft prſcriptum, ut doceretur diſcereturq
507 198 1974 1200 Concordantias ſepenumerò ad multas vices poſſe variar, ita tamen,
507 198 1974 1200 ut, ad unum Chamcterem conjugatum habitô reſbectu, ſimiles conugan-
507 198 1974 1200 tur & non novi adducantur. E atione, ſi in dato exemplo Baſi in-
507 198 1974 1200 tervalla ad natuam έors efformentur in hunc modum: g ED
507 198 1974 1200 g D B A G. e ſic appareat /yntaxs
520 1365 1958 1656 illihil flagitari poſit, quam ut ſonjugati cbaracteres copulentur.
520 1365 1958 1656 Et ſi plures adderontur voces quò major auctiorve fieret Harmonia,
520 1365 1958 1656 in operatione illâ non alius novusvé labor expeteretur, præterquam quòd
520 1365 1958 1656 oporteret horum ſemper recordart.
520 1622 1958 1857 1. Ins memariam revocentur conjugati characteres
520 1622 1958 1857 tam qui perſactius, quàm qui minus perfectius conſonant:
520 1622 1958 1857 tum etiam ex iis compoſiti.
525 1825 1966 1983 2. Conſquentiæ intervallorum cν τiς ẽgπ io,
525 1825 1966 1983 Doctrinâ de Solœciſmis præcautæ, evitentur.
522 1960 1958 2114 3. Ambituum termini in quacunqus voce probè ob-
522 1960 1958 2114 ſerventur.
523 2159 1976 2390 In quorum metâ confidenter circumambulando concordantiæ vel ad
523 2159 1976 2390 eontactiaa vel ad remotioa loca pro ut exempla bonorũ Autorũ & ex-
523 2159 1976 2390 ercitatio ipſa adhibitô judiciô id ſurrogabunt, contractius vel latius con-
