2193 2765
589 257 2013 340 probatus motus eft qui in contarium nititur harmoniamg non obſcu-
603 329 1891 387 at) conſtructam harmoniam obſcuritati involvents.
810 397 1815 485 Inter Solœciſmos primas tenet.
718 474 2025 551 TAqui committitur quando diverſi, aut
598 539 2028 615 Uniſoni; aut Quintæz aut Octavæ pari motu ſe iubſe-
614 631 1042 683 quuntur.
1164 663 1477 750 Exemplum.
825 1244 1593 1338 Reliqui Solœciſmi ſunt.
732 1333 2035 1402 SROPE cujus varii ſunt incompoſiti & iis con⸗
627 1398 1706 1457 trarii motus, in hunc modum delineati.
1661 2358 1892 2428 Exempla
