2172 2765
573 210 1291 302 Schematis Fxplicatio.
343 295 1651 356 Liter duos inter circulos conſiitutæ, Ambitum & ediatisne.
227 356 1652 438 mul denotant, habitâ tamen hât diſcrimins ratione. Ambicum quia
229 427 1633 500 premittere oportet piuſquam ad invelligationem Mediatons deſen
227 487 1651 564 datur, eum prius monſime Mediationem ireſtiganti
227 549 727 617 pos& oſlerune, boc pacti.
345 617 1650 690 apulô Indic circumvolvendi attingatur litera Ambitus ſpecies.
235 678 1657 750 Protinus Anchoræ unci vel dintes Indici inhærentes ſimul moti in alias
234 741 1655 820 aliquas liteas ex adversô ſe inſigent, quorum is, qui protenſus in par-
230 805 1653 883 tem ſinittmm & incinatus eſf lagi ed:ationem qui verò in
235 868 1650 937 dextmm levatus & ſuperior eff, Authentæ lediationem inculcat,
235 934 1652 1006 at4 ita & iediationis ſpecies eſſe poterint pro eâ quælibet illarum
229 996 1657 1065 itearum haberi. Quorum verò Modorum Ambitus & Species literæ
235 1060 1647 1128 illa fiant, id poſitis extm Circulum majorem voculs, PEl// M.
237 1122 1650 1193 B/TV ETDIMIDII, addits Modorum nominibus, in-
228 1185 396 1235 kcatur.
659 1244 1202 1323 DES7O.
346 1337 1649 1404 CLAUSUÆL ſedes ea pars Ambitns octava dici
239 1403 1547 1477 meretur, in quâ CLAuSI LA locum obtinet, quæ eſt
801 1959 1103 2021 Declaratio.
347 2038 1656 2110 Sit exempli loco Æolius, cujus Ambitus ef A & a. nn A
232 2105 1648 2173 locs, vel illis ſimilibus, Principalis; Mediatio eft E, in ea Minus
227 2166 1657 2237 principalis Ab Aad E datur Quinta altem Ambitus pars quam ſ
235 2230 1652 2301 in duas dimidias apuales diyidit, in illâ Afjinals ſlauſule ſedes fi
229 2298 1257 2368 iiaur.
976 2364 1657 2414 E2 E
