2172 2765
525 214 1249 322 Explicatio Schematis.
168 339 1614 1153 Hie tibi prgreditur MOLLI TRAMMo.
168 339 1614 1153 ERIO cantus
168 339 1614 1153 uâſicæ mueo MOMM ars loga; bacli
168 339 1614 1153 utbentæ attingit ſpeoiem modulaminis. Ipſum
168 339 1614 1153 Quò ſt tranſpoſitum monſtrat contracor illa.
168 339 1614 1153 Rite procedit ſic Dl IERIO cants,
168 339 1614 1153 i ſicæ capulus Nomen: s curta bacelli
168 339 1614 1153 Authenta (S ſtimulat ſpeem modulamiis. Ipſum
168 339 1614 1153 Quò ſit translatum monſtrat productior llâ.
410 1174 1379 1279 ,Schematis dilucidior ſenſus.
158 1257 1622 1793 AdNomen Modi, ex Qualitate, qu ex Mi, vel quadrato, in
158 1257 1622 1793 Qualitatem, quæ ex Fa, vel Brorundô eft, trmnſponendi, admoveatur
158 1257 1622 1793 enſis mucro, cum quô ſimul baculi longior pars ad litemm aliquam ad-
158 1257 1622 1793 movetur, quæ eff] altera Ambitus litearum extremarum, nimirum
158 1257 1622 1793 infima. Quô factô partes, tàm enſis, quàm baculi breviores, extem
158 1257 1622 1793 plò è regions monſtmnt, ad quam ſpeciem, boc ef, liteam, Modus
158 1257 1622 1793 tmnſponatur. Contmrium fis ſervatis contmrariu ·
253 1803 1600 2257 Plagiorum tranſpoſitionem hic deinde
253 1803 1600 2257 typus, ſceptrum cum graphio
