2209 2765
614 192 1319 259 ScEMTIS VSV5.
222 260 1677 434 Cuſpis ſumma Modi OOV quòporrigit, inde
222 260 1677 434 ub Cyatbi fuler CIRCITV tegitur
526 441 1387 525 Ejuſdem illius explicatio planior.
237 507 1680 718 Circuitus ſupremi capacitas complectitur teas differentes, quæ
237 507 1680 718 Modorum Authentarum Ambitum determinant. Intermedii quæ
237 507 1680 718 Plagiorum. Infimi, quæ nomina Modorum.
227 693 1675 980 yathus qui circumagitur indicis locum ſupplet. Illius quippè
227 693 1675 980 cuſpide ſive pinnulâ nomini admotâ Modi, Ambitus ſub fulcri con-
227 693 1675 980 cavo contextus, ex regione indicatur, inquirentiq, illius antè ignaro,
227 693 1675 980 abſg labore fit perſectus.
602 972 1302 1045 DE ECVDO.
216 1050 1674 2367 MEDIAT10 eſt ſonus ille actu vel potentiâ datus,
216 1050 1674 2367 cujus interventu A BITus diffinditur, dividiturque in
216 1050 1674 2367 Quintam & Quartam, alteram, nonnunquam infernam,
216 1050 1674 2367 nonnunquam ſupernam.
216 1050 1674 2367 Partiens Ambitum in Quin infernam & Quartam
216 1050 1674 2367 ſupernam, HAR NIcAM aNIo dici, meretur.
216 1050 1674 2367 Diſſecans in contrarium, ARITRMETICA.
216 1050 1674 2367 Hæc Plagiorum; illa Authentarum Modorum eſt.
216 1050 1674 2367 Quarum inveſtigations compendium Schema ſubnexum præ ſe
216 1050 1674 2367 fert, anchoram in gyrum circummotandam exponens, cujus uſum hiſce
216 1050 1674 2367 irſiculs prius ſic libuit delibare.0
216 1050 1674 2367 Hoc te Schema docet, Lector, MEDIATIO poſsit
216 1050 1674 2367 Quomodo cujusvis ſcirier arte Modi.
216 1050 1674 2367 INDicis inquirat CAPULUSPECIEM nuͤesi.
216 1050 1674 2367 ANCHORAadeſt illi de regione duplex:
216 1050 1674 2367 Sublimem AiuTHENTA M ſublimior anchora præbet,
216 1050 1674 2367 Submiſſum plagium denotat inferior.
216 1050 1674 2367 Octavæ SPECIES & ut agnita ſit tibi, quod ſit
216 1050 1674 2367 Illa, ex ſeptenis, littera quæ que, ſcias.
216 1050 1674 2367 Illarum quævis, dein, quæ ſubjecta Modorum
216 1050 1674 2367 Sunt circo, temet, nomina noſce, docet,
1017 2335 1671 2396 EcEM
