2191 2767
854 225 1665 298 Huga n unmſono trium poſt
642 941 1956 1019 Reliquę ex duabus plerumq; conſtant vocibus, quem-
534 1014 1953 1082 admodum ejus rei paulò ante mentionem fecimus, alterâ
532 1079 1956 1146 ab alterâ diſtante per intervallum, à cujus cum Epi vel Sub
533 1142 1725 1211 compoſito nomine nomen adepta eſt Fuga⸗
627 1206 1953 1277 In compoſitione illâ Nominum ſive titulorum, qui-
527 1271 1952 1340 bus Fugæ inſcribuntur, Epi denotat, modulandi initium
533 1336 1670 1405 fieri dcbere ab inferiori voce: Sub à ſuperiori.
638 1403 1959 1470 Quæ vox modulandi initium facit absque dubio pro
533 1466 1950 1539 Reali voce erit habenda; Altera, melodiam ruminans,
532 1530 1039 1594 pro Imaginaria.
567 1594 1956 1668 In paxi demum ejuſmodi Fugarum, licet compendium aliquod
527 1657 1948 1732 dari poſſet, causâ operoſioris amovende opemtion: tamen quia mult
527 1723 1947 1800 id obſervationilus, quas Inſcriptiones earum ſuppeditarent, uas
527 1788 1948 1862 textura oynopſis bujus recipere recuſaret, perſtringendum eſſet, copiam
527 1851 1949 1925 illarum conſultò præterimus, ſtatuimuq;, quia duarum ſaleem vocum
527 1915 1943 1993 opemtio peragatur, paucitatem vocum cuig in doctrina de concordantis
527 1977 1948 2054 coaptands exercitato, ſi rmtioni Vniſonas Fugas adornand probè ad-
527 2042 1305 2111 bæſerit, ſurrogaturam eſſe.
632 2105 1944 2185 Ne tamen officio noſlro planè defuiſſe videamur, anſam ad com-
527 2166 1333 2241 endii inventionem ſic præbebimus.
632 2235 1735 2313 onſtruantur duæ Melodiæ, quarum hoc eſlo exemplum:
1793 2374 1946 2427 Altem
