<pc:PcGts xmlns:pc="http://schema.primaresearch.org/PAGE/gts/pagecontent/2019-07-15" xmlns:xsi="http://www.w3.org/2001/XMLSchema-instance" xsi:schemaLocation="http://schema.primaresearch.org/PAGE/gts/pagecontent/2019-07-15 http://schema.primaresearch.org/PAGE/gts/pagecontent/2019-07-15/pagecontent.xsd">
    <pc:Metadata>
        <pc:Creator>OCR-D/core 2.4.4</pc:Creator>
        <pc:Created>2020-06-14T20:40:31</pc:Created>
        <pc:LastChange>2020-06-14T20:40:31</pc:LastChange>
        <pc:MetadataItem type="processingStep" name="preprocessing/optimization/binarization" value="ocrd-olena-binarize">
            <pc:Labels>
                <pc:Label value="sauvola" type="impl"/>
                <pc:Label value="0.34" type="k"/>
                <pc:Label value="101" type="win-size"/>
            </pc:Labels>
        </pc:MetadataItem>
        <pc:MetadataItem type="processingStep" name="preprocessing/optimization/cropping" value="ocrd-anybaseocr-crop">
            <pc:Labels>
                <pc:Label value="True" type="force"/>
                <pc:Label value="0.04" type="colSeparator"/>
                <pc:Label value="0.3" type="maxRularArea"/>
                <pc:Label value="0.05" type="minArea"/>
                <pc:Label value="0.01" type="minRularArea"/>
                <pc:Label value="0.75" type="positionBelow"/>
                <pc:Label value="0.4" type="positionLeft"/>
                <pc:Label value="0.6" type="positionRight"/>
                <pc:Label value="10.0" type="rularRatioMax"/>
                <pc:Label value="3.0" type="rularRatioMin"/>
                <pc:Label value="0.95" type="rularWidth"/>
                <pc:Label value="page" type="operation_level"/>
            </pc:Labels>
        </pc:MetadataItem>
        <pc:MetadataItem type="processingStep" name="layout/segmentation/region" value="ocrd-tesserocr-segment-region">
            <pc:Labels externalModel="ocrd-tool" externalId="parameters">
                <pc:Label value="-1" type="dpi"/>
                <pc:Label value="True" type="overwrite_regions"/>
                <pc:Label value="0" type="padding"/>
                <pc:Label value="False" type="crop_polygons"/>
                <pc:Label value="True" type="find_tables"/>
                <pc:Label value="False" type="sparse_text"/>
            </pc:Labels>
        </pc:MetadataItem>
        <pc:MetadataItem type="processingStep" name="layout/segmentation/line" value="ocrd-tesserocr-segment-line">
            <pc:Labels externalModel="ocrd-tool" externalId="parameters">
                <pc:Label value="-1" type="dpi"/>
                <pc:Label value="True" type="overwrite_lines"/>
            </pc:Labels>
        </pc:MetadataItem>
        <pc:MetadataItem type="processingStep" name="layout/segmentation/region" value="ocrd-cis-ocropy-clip">
            <pc:Labels externalModel="ocrd-tool" externalId="parameters">
                <pc:Label value="line" type="level-of-operation"/>
                <pc:Label value="-1" type="dpi"/>
                <pc:Label value="0.7" type="min_fraction"/>
            </pc:Labels>
        </pc:MetadataItem>
        <pc:MetadataItem type="processingStep" name="recognition/text-recognition" value="ocrd-calamari-recognize">
            <pc:Labels externalModel="ocrd-tool" externalId="parameters">
                <pc:Label value="/data/models/calamari/GT4HistOCR/*.ckpt.json" type="checkpoint"/>
                <pc:Label value="confidence_voter_default_ctc" type="voter"/>
                <pc:Label value="line" type="textequiv_level"/>
                <pc:Label value="0.001" type="glyph_conf_cutoff"/>
            </pc:Labels>
        </pc:MetadataItem>
    </pc:Metadata>
    <pc:Page imageFilename="OCR-D-IMG/Burmeister_1599-42.png" imageWidth="2172" imageHeight="2767" type="content">
        <pc:AlternativeImage filename="OCR-D-IMG-BIN/OCR-D-BIN_Burmeister_1599-42-BIN_sauvola.png" comments="binarized"/>
        <pc:AlternativeImage filename="OCR-D-IMG-CROP/OCR-D-IMG-CROP_Burmeister_1599-42.png" comments="binarized,cropped"/>
        <pc:Border>
            <pc:Coords points="211,213 1625,213 1625,2309 211,2309"/>
        </pc:Border>
        <pc:ReadingOrder>
            <pc:OrderedGroup id="reading-order">
                <pc:RegionRefIndexed index="0" regionRef="region_id_0"/><pc:RegionRefIndexed index="1" regionRef="region_id_1"/><pc:RegionRefIndexed index="2" regionRef="region_id_2"/><pc:RegionRefIndexed index="3" regionRef="region_id_3"/><pc:RegionRefIndexed index="4" regionRef="region_id_4"/><pc:RegionRefIndexed index="5" regionRef="region_id_5"/><pc:RegionRefIndexed index="6" regionRef="region_id_6"/></pc:OrderedGroup>
        </pc:ReadingOrder>
        <pc:TextRegion id="region_id_0" type="paragraph"><pc:Coords points="211,213 1621,213 1621,870 211,870 211,213"/><pc:TextLine id="region_id_0_line0000"><pc:Coords points="211,213 1621,213 1621,870 211,870 211,213"/><pc:TextEquiv conf="0.9754321575164795"><pc:Unicode>J. Quandoquidem quælibet vox in clauſularum (po-</pc:Unicode></pc:TextEquiv></pc:TextLine><pc:TextLine id="region_id_0_line0001"><pc:Coords points="211,213 1621,213 1621,870 211,870 211,213"/><pc:TextEquiv conf="0.9728518724441528"><pc:Unicode>tiſsimum Triphonæ, quæ omnibus frequentius in uſu eſt,</pc:Unicode></pc:TextEquiv></pc:TextLine><pc:TextLine id="region_id_0_line0002"><pc:Coords points="211,213 1621,213 1621,870 211,870 211,213"/><pc:TextEquiv conf="0.9776217937469482"><pc:Unicode>ut optima &amp; perfectiisima) ſyntaxi, peculiarem ſortia-</pc:Unicode></pc:TextEquiv></pc:TextLine><pc:TextLine id="region_id_0_line0003"><pc:Coords points="211,213 1621,213 1621,870 211,870 211,213"/><pc:TextEquiv conf="0.9639259576797485"><pc:Unicode>tur affectionem, &amp; quælibet ad Modi, tum etiam in Mo</pc:Unicode></pc:TextEquiv></pc:TextLine><pc:TextLine id="region_id_0_line0004"><pc:Coords points="211,213 1621,213 1621,870 211,870 211,213"/><pc:TextEquiv conf="0.9863125085830688"><pc:Unicode>do ad ſedis agnitionem multum faciat, aliâ ab alià, quem-</pc:Unicode></pc:TextEquiv></pc:TextLine><pc:TextLine id="region_id_0_line0005"><pc:Coords points="211,213 1621,213 1621,870 211,870 211,213"/><pc:TextEquiv conf="0.9754758477210999"><pc:Unicode>admodum res illas ſecernit, nomine peculiari diſcernenda</pc:Unicode></pc:TextEquiv></pc:TextLine><pc:TextLine id="region_id_0_line0006"><pc:Coords points="211,213 1621,213 1621,870 211,870 211,213"/><pc:TextEquiv conf="0.9843315482139587"><pc:Unicode>eſſe cenſetur, &amp; illa quæ Diſcanto competit, Diſcantalis;</pc:Unicode></pc:TextEquiv></pc:TextLine><pc:TextLine id="region_id_0_line0007"><pc:Coords points="211,213 1621,213 1621,870 211,870 211,213"/><pc:TextEquiv conf="0.981559693813324"><pc:Unicode>quæ Alto, Altualis; quæ Tenori, Tenoralis; quæ Baſſo,</pc:Unicode></pc:TextEquiv></pc:TextLine><pc:TextLine id="region_id_0_line0008"><pc:Coords points="211,213 1621,213 1621,870 211,870 211,213"/><pc:TextEquiv conf="0.9662064909934998"><pc:Unicode>Baſeos Melodiæ Clautula nuncupanda, vel ut unicuique</pc:Unicode></pc:TextEquiv></pc:TextLine><pc:TextLine id="region_id_0_line0009"><pc:Coords points="211,213 1621,213 1621,870 211,870 211,213"/><pc:TextEquiv conf="0.9873403310775757"><pc:Unicode>placuit aliô nomine nominanda.</pc:Unicode></pc:TextEquiv></pc:TextLine><pc:TextEquiv><pc:Unicode>III. Quandoquidem quælibet vox in clauſularum (po-
tiſsimum Triphonæ, quæ omnibus frequentius in uſu eſt,
ut optima &amp; perfectiisima) ſyntaxi, peculiarem ſortia-
tur affectionem, &amp; quælibet ad Modi, tum etiam in Mo-
do ad ſedis agnitionem multum faciat, aliâ ab alià, quem-
admodum res illas ſecernit, nomine peculiari diſcernenda
eſſe cenſetur, &amp; illa quæ Diſcanto competit, Diſcantalis ;
quæ Alto, Altualis ; quæ Tenori, Tenoralis ; quæ Baſſo,
Baſeos Melodiæ Clauſula nuncupanda, vel ut unicui[q+aigu]ue
placuit aliô nomine nominanda.</pc:Unicode></pc:TextEquiv></pc:TextRegion><pc:TextRegion id="region_id_1" type="caption"><pc:Coords points="736,878 734,950 809,948 911,967 966,950 1126,945 1126,878 736,878"/><pc:TextLine id="region_id_1_line0000"><pc:Coords points="736,878 734,950 809,948 911,967 966,950 1126,945 1126,878 736,878"/><pc:TextEquiv conf="0.924896240234375"><pc:Unicode>Exemplum.</pc:Unicode></pc:TextEquiv></pc:TextLine><pc:TextEquiv><pc:Unicode>Exemplum.</pc:Unicode></pc:TextEquiv></pc:TextRegion><pc:TableRegion id="region_id_2"><pc:Coords points="206,946 723,967 924,971 1104,953 1626,957 1622,1222 213,1222 206,946"/><pc:TextEquiv><pc:Unicode/></pc:TextEquiv></pc:TableRegion><pc:TextRegion id="region_id_3" type="paragraph"><pc:Coords points="216,1225 1628,1225 1629,1396 663,1382 408,1429 205,1434 216,1225"/><pc:TextLine id="region_id_3_line0000"><pc:Coords points="216,1225 1628,1225 1629,1396 663,1382 408,1429 205,1434 216,1225"/><pc:TextEquiv conf="0.869227945804596"><pc:Unicode>nfit in Vocibus permutatio 1ocalis, non</pc:Unicode></pc:TextEquiv></pc:TextLine><pc:TextEquiv><pc:Unicode>IV. Clauſularum ſive afioctionum Melodiarum clauſu-
larum fit in vocibus permutatio localis, non autem na-
turalis.</pc:Unicode></pc:TextEquiv></pc:TextRegion><pc:TextRegion id="region_id_4" type="caption"><pc:Coords points="653,1414 650,1495 1230,1493 1230,1414 653,1414"/><pc:TextLine id="region_id_4_line0000"><pc:Coords points="653,1414 650,1495 1230,1493 1230,1414 653,1414"/><pc:TextEquiv conf="0.7373363375663757"><pc:Unicode>EX DIScANT0</pc:Unicode></pc:TextEquiv></pc:TextLine><pc:TextEquiv><pc:Unicode>EX DISCANTO.</pc:Unicode></pc:TextEquiv></pc:TextRegion><pc:TableRegion id="region_id_5"><pc:Coords points="244,1544 1599,1534 1625,1607 1632,1936 1257,2331 251,2336 195,1627 244,1544"/><pc:TextEquiv><pc:Unicode/></pc:TextEquiv></pc:TableRegion><pc:TextRegion id="region_id_6" type="footer"><pc:Coords points="1358,2304 1363,2428 1628,2417 1631,2305 1358,2304"/><pc:TextEquiv><pc:Unicode>CLAV-</pc:Unicode></pc:TextEquiv></pc:TextRegion></pc:Page>
</pc:PcGts>