2235 2765
268 176 1717 396 pro diſcordantia haberi poſsit, non tamen propter Synco
268 176 1717 396 pen diſſonat. Abſoluta eſt quæ cum omnibus ſonis ac
268 176 1717 396 Pcrpendiculum connexa, conſonat.
494 375 1499 457 PRAXIS ex exemplo manifeſta eſt.
342 1208 1619 1283 Similibus omnium autorum carmina vix pauca ſunt refert.
648 1270 1323 1329 XJV. IAENA2M0S.
242 1333 1701 1492 PrEoNAsAus ex Symblemate & Syncopâ confla-
242 1333 1701 1492 tur, potiſsimum ſub introductione clauſulæ alicujus.
735 1472 1249 1560 Exempla in tactu.
