2202 2767
342 191 1462 293 Aut ad portionem ſemitactus. qualiter hic:
227 548 1679 830 In illo exemplo ſub integro tactu diſſonantiarum cum
227 548 1679 830 conſonantiis commixtio fieri poteſt ita, ut priori parti aſ-
227 548 1679 830 ſervetur concordia, poſteriori diſcordia Rolativa, Abſolu-
227 548 1679 830 ta nunqua.
792 810 1173 910 Exemplum.
232 1212 1678 1637 (Diſcordia ſeu Diſſonantia Abſoluta eſt, quando in ſyntaxi
232 1212 1678 1637 Harmoniæ ſub ſimili motu & conſonantiæ & concordantiæ ita per-
232 1212 1678 1637 miſcentur, ut conſonantia diſſonantiæ; & diſſonantia concordantiæ in
232 1212 1678 1637 motu directo reſpondcat. elativa eſt quando qudam copulantur, quæ
232 1212 1678 1637 quidem diſſonare videntur, ſed in re verâ propter diverſum planè
232 1212 1678 1637 diſimilem motum non diſſonant.)
237 1606 1674 1754 In hoc ad portionem ſemitactus, diſſonantiarum &
237 1606 1674 1754 concordantiarum commixtio hoc pacto perficitur
430 2063 1496 2170 De Symblemate obiter notanda.
230 2164 1678 2403 (oncordantiarum cum Diſſnantis illa commiſum ſive permiſio,
230 2164 1678 2403 quæ ornamenti vices expleat, oprtet adeò mænifeſla ſit, ut aures illam
230 2164 1678 2403 pro /ornamentò, quo Hdarmonia videatur exculta reddi, lucem ſibi ac-
1037 2360 1675 2444 Hz uirere,
