2209 2765
246 165 1699 778 tinentur, qtuorum termini ſunt pares, mpares , pariterimpares. Nete
246 165 1699 778 enim par esf quià i2. numero exprimitur. Pammeſe impar quià 9.
246 165 1699 778 Meſa pariter par: quià 12. Hpate pariter impar quià 6. His
246 165 1699 778 ergò mtionibus atq partibus conflata harmonia, ſibr toti, ommbusq
246 165 1699 778 partibus conſonat. ſed & ſenſs &c: orrò autem ex hi planum fit,
246 165 1699 778 priſcis haud injuri ddpracipuè curæ fuiſſe, ut adoleſcentes muſicâ
246 165 1699 778 diſciplinâ imbuerent. Forum enim animos exiſtimabat Muſicæ opera
246 165 1699 778 fingi atg concinnari ad decorum poſſe: quippè quòd Muſica ut ad omia,
246 165 1699 778 amnemq ſeriam actionem utils eſſet, ita in prims ad bellica pericula.
250 793 1693 975 ERANOISOUS PATRITIUS SENENS1S
250 793 1693 975 Epiſcopus in Epitome Comment: ſui.
242 1006 1705 1428 Muſica in civitate liberâ admittenda eft, etiamſi nihil aliud
242 1006 1705 1428 quàm delectationem præ ſe ferret. Non enim in negocio ſemper eſſe poſ
242 1006 1705 1428 ſumus. Et bujuſmodi oblectatio in negocio honeſtiſima eft. Nam
242 1006 1705 1428 ut eleganter icero ait: Liberi homins oficium eſt, aliquando nihil
242 1006 1705 1428 agere & animum ab diuturnâ cum revocare, quò quidem inprims facit
242 1006 1705 1428 Muſica, ut laborum arumnarum aliquando obliviſcamur.
795 1396 1156 1459 Idem ibidem.
244 1452 1697 2176 Muſicæ diſciplinam ytbagoas putat non inventum hominum eſſe,
244 1452 1697 2176 ſed opificis mundi, qui orbes cœleſtes harmoniam quandam inter vallis ac
244 1452 1697 2176 commotionibus ciere commonefecerit, ex qu humana Muſica manarit:
244 1452 1697 2176 quæ quidem Muſica civili viro utilieſt, & non modò animum oblectat,
244 1452 1697 2176 verùm etiam ingenium fovet, & promptiores alacriofesg vires reddit,
244 1452 1697 2176 uon ſolùm ad rem militarem, verùm ad ſumma qu nogocia obeund.
244 1452 1697 2176 Quinetiam à æone & nonnullis alius medicu, grotos pene de-
244 1452 1697 2176 ſpeaate ſalutis, Muſicæ oblectaments cumtos fuſſe
244 1452 1697 2176 legimus, & inſanos quoſdam mentis com-
244 1452 1697 2176 tes fuiſſe factos.
1554 2181 1684 2237 Erra.
