2191 2765
1129 212 1720 259 Xn
717 275 1784 352 EXCCPITDEOT0.
980 360 1418 441 grapbia
650 440 1978 511 Orthographia conſiſtit. I. In Notarum caudis ex-
544 505 1980 575 tra congeriem linearum non extenſis: Et notâ, quæ ca-
545 573 1971 641 put extra illam extendat, lineolam in capite gerente. No-
545 633 1978 701 tæ enim caudatæ haud fruſtra duplici caudâ diverſimodè
548 703 971 752 ſcribuntur.
548 756 1973 832 JJ. In Notarum conſpicuâ diſtantiâ, ut ſyllaba cuique
548 832 1417 897 illarum commodè attribui poſsit.
549 888 1981 965 JJJ. Inintegri tactus in ſerie linearum conficiendâ factã-
549 960 989 1026 què abſolutione.
544 1024 1981 1093 Sed quæ hic prim obſervatione alii ſervare jubentur, ne nos eorum
547 1086 1982 1157 ex parte tranſgreſionis inſimulemur: ſciat candidus Lector, quòd no-
547 1151 1978 1220 tarum pi, ab autore ſuô primâ origine fuſi, hic à typogmpbo non po-
548 1214 1983 1286 tuerint corrigi. Et licet in probatißims & optimè conſtitutis officins
546 1280 1986 1348 non minus reperiantur notarum typi caudam extrà ſcalam ſiye linea-
549 1343 1983 1414 rum ſeriem extendentes, atq hôc locô5 & idipſum ut maximè noſtræ
544 1406 1988 1478 primæ obſervationi adverſetur: non tamen, quæ elegantiam conciliare
544 1472 1986 1544 poterunt, ſilentiô ſurd auribus prætereunda eſſe arbitmmur, fun-
549 1535 1899 1604 damento illic poſito innitentes.
701 1604 1820 1689 Exempla trium de orthogr: notationum.
