2203 2767
1034 214 1409 318 — — 4
498 961 1959 1142 Simile eſ apud rlandum in Cantilena, bmia qu feciſti nobs
498 961 1959 1142 Domine, ſerviens textui Mliſericordiam ſuam.
942 1193 1496 1249 XII. SrMBAMAA
500 1261 1962 1835 S YVLEMA ſive Oo unISuRA eſt quando ali-
500 1261 1962 1835 cui parti tactus majori adjiciuntur minores, quæ illi in va-
500 1261 1962 1835 lore reſpondent, ita,ut prima illarum concors ſit, ſecunda
500 1261 1962 1835 diſcors & ſic reliquæ conſequenter per vices, quo maniteſta
500 1261 1962 1835 deprehendatur permixtio ſive commiſſura conſonantium
500 1261 1962 1835 & diſſonantium ſonorum, per proxima loca, vt ſunt ſemi-
500 1261 1962 1835 tonium, & tonum, &c. ſe ſubſequentium, nihil harmo--
500 1261 1962 1835 niæ derogans
1026 1827 1447 1915 PRAXIS..
500 1907 1971 2096 Coſlruatur Harmonia, in quâ conſonantes ſoni coharent aut ad!
500 1907 1971 2096 portionem integri tactus. qualiter hic:.
1808 2358 1994 2451 Autt
