2173 2765
153 211 1624 709 ſocientur. Cſpiciuntur enim in Exemplo dats prope ſinem
153 211 1624 709 - V' tte h.e
153 211 1624 709 i0 ,n' 'õſ'.
153 211 1624 709 non adeò infirunt, ſed tantum aliquid merè aquipollents. Quocircà
153 211 1624 709 opemtio hic non ita nova,nec quog difficilior fit, datis ſervatis ſeryandi.
153 211 1624 709 Quibus deinde bec, ut peculiares ad Doctrinam de Mods obſervationes,
153 211 1624 709 accedunt ſubſequentia
182 690 1096 761 J. Ambitus vocis non excedatur.
161 750 1612 891 JJ. Ambitus ſi quando excedi cogitur, caveatur, ad plu-
161 750 1612 891 res Id fiat vices.
179 875 1615 1102 JJJ. Factâ tranſgreſsione Ambitus: idque ſemel tantùm
179 875 1615 1102 atque iterùm, Modi cognitioni proprietatiq́; nihil decedit,
179 875 1615 1102 juxta illud: μiα auδν έαp c misi.
186 1073 1619 1343 JV. Clauſulæ non niſi in ſuis ſedibus efformentur. Si
186 1073 1619 1343 verò id ad imitationem alicujus probati Autoris fiat, atq;
186 1073 1619 1343 ita liceat, liceat etiam ſcire, quod plenè illarum forma-
186 1073 1619 1343 tio tunc non ſit facta, ſed mutilatè introducta, & c.
180 1329 1628 1483 V. Finis ut plurimum introducatur illic, ubi id ab Au-
180 1329 1628 1483 toribus fieri, & ex præceptis docemur.
180 1459 1621 1883 Quod autem is non ſit variandus juxta priſcorum Muſicorum
180 1459 1621 1883 regulam: In fine videtur Modus: perpetuò id non obſervari
180 1459 1621 1883 rlandus (in ſantilena Freͤlich zu ſein:) & non nullæ planæ canto-
180 1459 1621 1883 nes germanic (qualesiunt. Chriſt vnſer HERR zum Jordan
180 1459 1621 1883 kam / etc. Durch Adams fall / etc.) teſtantur. riu uag illa non
180 1459 1621 1883 nuνrds.
870 1786 999 1888 hit
347 1870 1520 2164 IX.
347 1870 1520 2164 E CAPIE DE TRAM
347 1870 1520 2164 PoSITI0NE.
191 2187 1625 2406 Quandoquidem omns cantus, exceptô illô, qui Fictus dicitur, ex
191 2187 1625 2406 natuali in B Diſamtorum conſtitutione propriam Qualitatem habet,
191 2187 1625 2406 ut antiquitus etiam illa ſit dicta Mollaris quæ Fa in B, illa Dumli,
1049 2383 1629 2457 F3 ue Mi
