2167 2765
675 551 1976 634 () In Cotu m rA ponitur unica ſaltem litera, velut
567 617 1976 725 attit.Xt
569 678 1975 759 ctu, depreſsione & elevatione co fe,adimplere
570 758 730 828 poteſt.
679 799 1977 885 () Couu Æ colligantur lineâ intercalari, in
572 870 1978 959 ſignificationem, quòd omnes ita colligatæ columnæ, ad
570 937 1502 1000 ſimilis valoris Notam ſint reducendæ.
676 995 1979 1074 () Quando illarum priorum quatuor Notarum ali-
572 1061 1979 1140 qua ad Menſuræ elevationem acccdit, tunc ſimliter im tot
572 1122 1979 1203 quidem Tactus, quot in ſe continet, dividitur: ſed quili-
574 1188 1980 1258 bet ſtatim Tactus ad duas æquales partes & lteras reſolvi-
576 1254 1981 1331 tur, quarum primi Tactus prior fit in columnâ, columnæ
577 1315 1983 1398 poſterior dimidia pars: & primi tactus poſterior pars vi-
576 1383 1984 1456 ciſsim fit prior columnæ dimidia pars, quæ intra interca-
581 1441 1988 1521 pedinem columnarum Intercalari lineolaz In columna ve-
580 1501 1988 1572 rò circumflexi notâ capiti eorum impoſita, connectuntur.
708 1572 1242 1659 9 Idem unicum de
580 1571 1986 1738 eu. eir i
688 1736 1416 1818 (9 De Ligatis cuncta ſimul,
1117 1892 1461 1970 Excmpla
