2209 2765
349 186 1660 270 Intervallorum motus in deſoriptis cantilenis hoece
562 270 1425 352 ad excmplum uſitatè comparent.
399 897 1708 971 Ejus exempla qua ex charmctere cognoſcantur perpauca inveniun-
288 964 1710 1038 rur intega. Vnum apud Orlandum (Concupiſcendo) & fortè unum atq
290 1030 1709 1101 alterum apud eundem alibi, quod puto, ſed nunc non incidit. Alterum
290 1093 1707 1165 apud næfelium Wunder bin ich. Tertium apud Lechnerum.
291 1155 1710 1219 Chaacteris verò vs ad permultas cantiones ſe extendit præſertim tum
289 1218 1709 1298 quando vel per hpotypoſin vel per Pathopæiam textus explicatur e
289 1282 1707 1352 exornatur. V autem aliquod integrum in præſentiarum ſit, quod quiſ-
279 1347 1709 1425 piam pro exemplo contempletur, quoddam contexuimus,quod paulò poff
281 1425 1120 1491 ſequetur.
285 1510 1705 1578 ANTTIIou u eſt ille character, qui circa ſonorum
291 1579 1707 1651 quantitatem verſatur, quâ alii aliis ſunt conjuncti, veteri-
293 1641 1708 1707 bus dictum Contrapunctus, quaii ex contrapoſitis voci-
288 1697 1690 1776 bus (ut quidam volunt) concors confectusconcentus.
294 1770 1708 1833 Primum dicitur StLEX ſive Eau LE, quòd tota
290 1835 1707 1906 Harmonia ex æqualibus ſonis conſtet, quorun alius alium
292 1900 1707 1972 in menſuræ quntitate non ſuperat. ſujus exempla ſunt Domi-
292 1966 1707 2039 mine Dominus noſter, rlandi, e Wie ſchoͤn bluht vns der Meye /
294 2034 1081 2087 Meilandi.
294 2096 1709 2152 Secundum dicitur FRAcTu ſive IÆQuALE,
295 2160 1710 2235 quod concentus concentui ſub menſura in quantitate æ-
297 2217 1711 2298 quahinon reſpondeat, ſed alius adalium frangatur. Cujus
297 2295 1117 2366 axempla ſunt Motetæ(ut vocant) omnes.
1101 2350 1711 2419 13 Tertium
