2191 2767
320 212 1627 287 Altem earum nunc per proprias inter vallorum ſemitas ſiye gm
209 275 1627 345 dus5 nunc per ſibi ſimiles 5 nunc per pares alterius vocs præmittatur
209 342 1627 411 Quacunq earum nunc pramiſſ, aliæ novæ ei adordinantur concordantiæ
210 406 1627 475 quaæ in Medio Fugæ ſibi mo ſuas adſciſcent. Quæq ut finem confician
209 468 1627 535 cum Melodiæ Principio congruam, mens illuc ſummoperè advertenda
206 531 1627 605 eſt, ut ita mos ille modulamins luſum de novo itemndi ſuum jus inte
201 598 1500 668 grum retineat. Quod ex exemploannexo planum fit:
663 1020 1170 1070 JJ. METAAAV1E.
291 1099 1627 1171 MAAEEPSIS eſt Fugaduplex, in qua vocum, quæ
209 1160 1627 1236 ſimili, in Modorum conjugio, ſunt Ambitu circumſcriptæ,
205 1226 1626 1300 altera alterius Melodiam in fugam abripit, cui mox alte-
202 1291 1368 1364 rarum ſimiliter ruminando adjicit.
723 1381 1082 1467 Fxemplum.
