2172 2767
284 226 1507 303 FIMI IVDEX OC 7ICO
583 311 1199 394 compcndio inquiritur.
294 1287 1621 1376 Ab eô, quô à doltrinâ de conſtruendi concordantii, ad alias di-
179 1355 1620 1445 greſi buc uſq ſumus, tyronem muſicum bactenus detinuimus, ne quo ipſi
179 1420 1624 1508 ibi ſumeret poteſlatem concordantias rematius cum diſpendio diſponendi
188 1489 1623 1568 diſtendivé. Et remiſimus illum hûc, tanquam ad llam doctrinam, quæ
188 1554 1622 1635 illi copiam ejus ſuppeditare poſſet idoneam e ſufficientem, promit-
187 1614 1622 1698 tentes, quod opemm e ſtudium ita ipſiſimus probaturi, ut doctrina illa
178 1679 1626 1774 per expemplum explicita ſatsſuperg intelligi pſit planag fiat. Quod
187 1742 1623 1831 quoniam ita factum eft, ex debito a nobis requiri videtur, ut, quæ illic
178 1808 1614 1897 fecimus, hic nune promiſſa ſolvamus. Quapropter ills ſtantes ſignfica-
187 1877 1621 1959 mus, tenendum eſſe, dum ſingulæ voces certi alicujus Ambitus metis ter-
188 1936 1623 2021 minantur, quod, earum ſi duæ ſaltem in ſonjugium copularentnr, lon-
181 1998 1625 2092 gius remotiuſve ſpacium extremitatum conjugi diſtantium, eæ ſint
187 2065 1620 2150 exacturæ, quàm à nobis Schemate illô ſunt determinata, ne dum plures:
189 2131 1625 2209 Et hic nune eô nomine connexionum partes diſſolvi & concordanttas
187 2195 1624 2281 librius ad remotiom loca diſtendi poſſe e concedi in promptu eft. Vt
189 2260 1623 2346 autem id mags perſpicuum fiat, exemplum advocemus hocce, ex Hh-
181 2326 1620 2415 pomixohydio Modo, qui illius eft Qualitatu,gua ex eſt, petuum.
937 2389 1626 2451 F2 46/
