2208 2765
812 228 1062 288 Reduclio.
350 464 1491 558 DE OTI EAVMDE
777 549 1112 614 reductione.
342 628 1643 707 Nota reducitur, ideſt, replicatur ſive convertitur (Eft
237 691 1643 773 enim Reductio mil niſi converſionotæ in litera, ſiye literæ in notam, ſonõ
237 756 1641 833 eadem manente) ad eam literam, cujus illa locum in S c LA
235 834 476 884 occupat--
780 892 1100 971 Exemplum.
786 1241 1092 1301 Declaratio.
340 1316 1633 1393 Prima⸗ NTA occupat locum d. educitur illa idcircò ad d.
236 1385 1639 1467 Secunda u: educitur & illa ſimiliter ad x. Et ſic conſequenter reliqu
235 1452 1435 1520 ad litems eas, quarum ſedibus ſunt infix, reducuntur.
385 1567 1475 1653 DE OTI PRORIB.H
827 1676 1055 1744 quor.
237 1735 1633 1935 c Norum vriores auo . . .
236 1920 1636 1989 ad tactus depreſslonem accedentes, in tot columnas
241 1977 1639 2053 ( LVMNA eft (4) illa omnium vocum connexa conjunctio
238 2048 1639 2119 ad perpendiculum facta ex integro tactu conſtans) reſolvunt ur,
239 2109 1136 2181 quot tactibus earum quælibet valet.
785 2228 1084 2310 xemplum.
1050 2306 1633 2406 2 ac
