2167 2765
560 543 1993 831 () In Cotu m rA ponitur unica ſaltem litera, velut
560 543 1993 831 attit.Xt
560 543 1993 831 ctu, depreſsione & elevatione co fe,adimplere
560 543 1993 831 poteſt.
556 785 2003 1005 () Couu Æ colligantur lineâ intercalari, in
556 785 2003 1005 ſignificationem, quòd omnes ita colligatæ columnæ, ad
556 785 2003 1005 ſimilis valoris Notam ſint reducendæ.
560 983 2005 1578 () Quando illarum priorum quatuor Notarum ali-
560 983 2005 1578 qua ad Menſuræ elevationem acccdit, tunc ſimliter im tot
560 983 2005 1578 quidem Tactus, quot in ſe continet, dividitur: ſed quili-
560 983 2005 1578 bet ſtatim Tactus ad duas æquales partes & lteras reſolvi-
560 983 2005 1578 tur, quarum primi Tactus prior fit in columnâ, columnæ
560 983 2005 1578 poſterior dimidia pars: & primi tactus poſterior pars vi-
560 983 2005 1578 ciſsim fit prior columnæ dimidia pars, quæ intra interca-
560 983 2005 1578 pedinem columnarum Intercalari lineolaz In columna ve-
560 983 2005 1578 rò circumflexi notâ capiti eorum impoſita, connectuntur.
574 1567 2017 1753 9 Idem unicum de
574 1567 2017 1753 eu. eir i
670 1734 1428 1844 (9 De Ligatis cuncta ſimul,
1113 1892 1498 1981 Excmpla
