2209 2765
505 186 1919 265 c.8 aliis oui alterius illius jam antè participes ſunt redditi, &
507 246 1915 326 deinceps fortè reddentur. Eam vobis more & inſtituto veteri nun
509 300 1916 388 cupo. Auſus autem id ſum cùm ob celebritatem animi benevoli,
510 363 1923 435 favoris, & amoris in alumnos Mularum perpetui veſtri, partim
516 421 1916 505 per præſtantes quoſdam viros mihi commendati; partim
516 478 1924 561 a me ipſo olim noti facti: tùm ob veſtram im rme, meosq; benefcia
517 537 1921 609 collata. Vos autem obnixè etiam atq; etiam rogatos volo,ut, cum
517 598 1918 681 ingenuarum artium ſitis amantiſsimi, hoc literarium munus quam
518 652 1920 727 vile etiam ſit, æqui bonique conſulere, & idipſum, velut Dn im-
520 708 1920 782 mortales Numæ fictiles urnulas & capidines non minus atque
521 759 1922 841 aliorum aurea vaſa benevolo animo ſuſcepère, accipere, tueri, & ab
524 823 1923 906 oſorũ injuriis defendere non velitis dedignari. Quod ſi fiet, & multi
523 884 1924 956 id fieri intellexerint, non procul aberit, quin hæc ars, e poſtliminio
505 939 1922 1020 elut multorum ſtudiô adhibitô & augmentô additô recipi, & ad
506 998 1926 1129 r:tXtXe t—
526 1058 1928 1147 . dienu goa ut fat, faxit Deus ter opt. max. cuius & hae
507 1114 1952 1193 honori præcipue ſerviat, cui & vos, veſtræque familiæ,
508 1161 1950 1290 n ti nie⸗ i—
510 1227 1891 1319 ůiei. sems. umoiuis i⸗.
638 1368 1153 1424 N. C. &A. V.
858 1408 1663 1478 addictißi m us e ſtudioſißimus
948 1469 1683 1529 M. Ioachimus Burmei ſterus Lunæburg.
1222 1526 1731 1586 collaborator Scholæ Roſtoch.
541 1721 1941 1814 Doctiſsio viro, pietate atque virtute præ-
640 1800 1838 1869 ſtanti. Dn. M. STA T10O1TOF10, Scholæ
757 1868 1717 1930 Roſtochienſis Prorectori, Dn. & amico
943 1935 1449 1991 meo colendo.
536 1952 654 2073 S
664 1996 1947 2065 Remitto, Doctißime Dn. M. Stati, libellum Muſicæ Poëticæ, Viri
540 2055 1947 2126 Doctiß · MEIſteri erulitißimum, & non tyrombus, ſed doctu
535 2105 1951 2187 criptum: qui mihi valdè placet. Etſi enim mihi non tribuo neq; arrogo iuli-
536 2168 1950 2247 cium de Muſic Poẽtica: tamen quantum ego intelligo, vileo illum vocibus
538 2224 1954 2302 c termini, vt vocant grammaticis & oratorjs, res vtilißimas erudite & ſub-
517 2282 1958 2362 i liter complexum eſſe de Scal; de ratione reducenli cantum ex noti ad
1831 2347 1947 2387 literas
