2973 3636
449 191 2060 285 128 Anmerkungen des Ueberſetzers.
455 347 2584 435 und bieſer Unterſcheid betrift die Quinte, die in dem erſten Exempel nicht rei
454 429 2585 519 ſolviret wird, in dem zweyten Exempel aber zur Reſolution eine Stufe herabgehet.
612 554 2585 638 Den Sertquintenaccord aus dem erſten Exempel haͤlt der Verfaſſer fuͤr
455 632 2585 716 einen Grundaccord, und behauptet, daß die Sexte darinnen diſſoniret. Den
459 714 2586 801 Sextquintenaccord aber aus dem zweyten Exempel haͤlt er fuͤr einen vermittelſt
458 792 2589 879 der Umkehrung von dem Septimenſatze d f a c abſtammenden Satz, weil die
461 868 2588 957 Quinte darinnen reſolviret. Er nimmt alſo drey Grundaccorde an,
463 948 2591 1030 woraus alle uͤbrigen Accorde herſtammen, und dieſe Grundaccorde nach ihm
463 1025 2587 1124 ſind 1) der harmoniſche Drey⸗oder Vierklang; a) der Septimenaccord;
464 1105 2587 1203 3) der Sextquintenaccord, worinnen die Sexte uͤber ſich gehet.
652 1230 2597 1325 Jch mache gleichfalls unter dem einen und dem andern Sextquintenac⸗
459 1310 2595 1394 corde einen Unterſcheid. Da ich aber, aus einem andern Grunde, nicht mehr als
466 1387 2596 1487 zween Hauptaccorde erkenne, woraus alle uͤbrigen ihren Urſprung nehmen, wie
468 1465 2597 1552 man im I Theile meines Handbuches Seite 24 finden kann: ſo entſtehet, meiner
471 1542 2599 1634 Meynung nach, der Satz des erſten Accords aus einer ganz andern Quelle.
472 1613 2600 1712 Man ſehe hiervon Tab. V. Fig. 20 (a) (b) (c), ingleichen Tab. IV Fig. 13 (a) (b)
473 1695 2601 1786 in dem ITheile dieſes Handbuches, und ſuche die Erklaͤrung der daſelbſt befind⸗
472 1780 1813 1871 lichen Saͤtze an ſeinem Orte auf.
643 1901 2603 1993 (27) Wenn man die Ration der großen Terz quadriret, und fuͤr den
476 1979 2596 2070 Grundton c annimmt: ſo erhaͤlt man die Ration fuͤr gis, als:
489 2375 2603 2472 Die Differenz zwiſchen gis und g zu finden, multiplicire man die Ration ?
491 2380 2611 2549 ?ee ve s i a m meilee mmn iiben, minluen en
1129 2591 1703 2687 21EE
1140 2679 1704 2757 i6 2148 24
679 2806 2617 2912 (28) E:F iſt , und F fis iſt 14. Nun giebt 25 mal i6 die
501 2892 2620 2983 Summe von 400, und 24 mal 15 iſt 36o. Die Zahl 400 ſtellet den Dividen⸗
504 2971 2622 3066 dum, und 36o den Diviſorem vor. Beyde Zahlen werden vermittelſt der Zahl
506 3048 2620 3146 40 reduciret. Die Zahl 400 giebt 10, und 360 giebt 9; Alſo , das iſt 10
508 3141 1666 3226 mit 9 dividiret.
1810 3196 2626 3275 (o)
