2973 3695
448 194 551 293 2
1238 191 1868 293 Vorbereitung.
1409 324 1733 446 §. 3.
434 432 2713 643 Sowohl in der Melodie als Harmonie, wird der Unterſcheid
434 432 2713 643 zwiſchen einem hoͤhern und tiefern Tone ein Jntervall genennet.
1424 622 1725 767 §. 4.
441 729 2669 1114 Die Jntervalle kennen und unterſcheiden zu lernen, wollen wir
441 729 2669 1114 die gewoͤhnliche Tonleiter c. d. e. f. g. a. h. c. vor uns nehmen, welche
441 729 2669 1114 jedermann natuͤrlicher Weiſe anſtimmet, woferne Ohr und Stimme
441 729 2669 1114 nicht gar zu traͤge oder falſch ſind. Wir bemerken bey derſelben:
464 1117 2666 1275 Daß der Ton d hoͤher oder feiner, als der Ton c iſt; daß e hoͤher
464 1117 2666 1275 als d, und f hoͤher als e iſt, u. ſ. w.
548 1289 2663 1560 Daß folglich der Unterſcheid zwiſchen c und d geringer, als der zwi⸗
548 1289 2663 1560 ſchen c und e iſt; daß der Unterſcheid zwiſchen c und e geringer,
548 1289 2663 1560 als der zwiſchen c und f iſt, u. ſ. w.
575 1562 2640 1735 Kurz, daß endlich der Unterſcheid zwiſchen dem erſten und letzten
575 1562 2640 1735 c der groͤßte Unterſcheid von allen iſt.
1441 1770 1665 1859 §. 5.
462 1844 2671 2775 Ueberhaupt iſt ein Jntervall oder der Unterſcheid zwiſchen zweenen
462 1844 2671 2775 Toͤnen um ſo viel groͤßer, als einer von dieſen Toͤnen feiner oder groͤ⸗
462 1844 2671 2775 ber in Anſehung des andern iſt. Aber es iſt wohl zu merken, daß
462 1844 2671 2775 zween Toͤne gleich hoch oder gleich tief ſeyn koͤnnen, wenn ſie ſchon von
462 1844 2671 2775 ungleicher Staͤrke ſind. Eine Seyte auf der Violine klinget allezeit
462 1844 2671 2775 gleich hoch oder gleich tief, man mag ſie ſtark oder ſchwach beruͤhren.
462 1844 2671 2775 Der Ton wird nur mehr oder weniger ſtark ſeyn. Eben ſo verhaͤlt
462 1844 2671 2775 es ſich mit der Stimme. Man gebe einen Ton an, und dehne die
462 1844 2671 2775 Stimme allmaͤhlich aus. Man wird befinden, daß der Ton zwar
462 1844 2671 2775 an Staͤrke wachſen, aber allezeit gleich hoch oder tief ſeyn wird.
1434 2779 1696 2867 §. 6.
481 2882 2664 3353 Wir wollen bey der Tonleiter annoch bemerken, daß die Jnter⸗
481 2882 2664 3353 vallec: d, d: e, f: g, g: a, a: h, einander gleich oder beynahe gleich
481 2882 2664 3353 ſind; und daß die Jntervalle e: f, und h: c, auch einander gleich
481 2882 2664 3353 ſind; daß dieſe aber nur ohngefaͤhr halb ſo viel als die vorhergehenden
481 2882 2664 3353 betragen. Dieſer Umſtand iſt aller Welt bekannt. Wir werden
2550 3353 2664 3445 in
