2973 3613
363 395 2558 811 Ein und zwanzigſtes Capitel.
363 395 2558 811 Von dem chromatiſch⸗enharmoniſchen
363 395 2558 811 Klanggeſchlechte.
1296 830 1612 956 § 148.
376 931 647 1208 W
363 950 2539 1795 enn man wechſelsweiſe mit fallenden kleinen Terzen und ſtei⸗
363 950 2539 1795 genden großen Terzen fortgehet, z. E.
363 950 2539 1795 c, c, a, cis, cis.
363 950 2539 1795 ſo entſtehet daher der Geſang:
363 950 2539 1795 es, e, e, e, eis.
363 950 2539 1795 worinnen alle halbe Toͤne klein ſind ).
363 950 2539 1795 Dieſes Klanggeſchlecht wird das chromatiſch⸗ enharmoni⸗
363 950 2539 1795 ſche Klanggeſchlecht genennet, weil zween kleine halbe Toͤne um ei⸗
363 950 2539 1795 nen enharmoniſchen Viertheilston kleiner, als ein ganzer Ton, ſind.
1303 1820 1618 1902 §. 149.
370 1876 2552 2167 ,Dieſe neuen Klanggeſchlechte beſtaͤtigen, was wir bisher geſage
370 1876 2552 2167 haben, naͤmlich, daß alle Wirkung der Harmonie und Melodie
370 1876 2552 2167 von dem Grundbaſſe abhangt.
1328 2192 1581 2274 §. 150.
389 2255 2549 2640 Das diatoniſche Klanggeſchlecht iſt das angenehmſte, weil
389 2255 2549 2640 der Grundbaß, woraus daſſelbe beſtehet, von der alleinigen Fort⸗
389 2255 2549 2640 ſchreitung der Quinten, als der angenehmſten unter allen, hervor⸗
389 2255 2549 2640 gebracht wird.
1591 2590 2533 2713 J3 §. 15i.
389 2741 1454 3271 gg Es iſt klar, daß es iſt, (An⸗
389 2741 1454 3271 merk. d) und daß e iſt. Es und e
389 2741 1454 3271 verhalten ſich alſo wie gegen , das
389 2741 1454 3271 iſt, wie 6 mal 4 gegen 5 mal 5, oder
389 2741 1454 3271 wie 24: 25, und dieſes Jntervall machet
389 2741 1454 3271 den kleinen halben Ton aus. Noch mehr,
389 2741 1454 3271 das a aus dem Baſſe iſt , und cis iſt
1491 2726 2534 3189 aus oder 2. Folglich iſt eis
1491 2726 2534 3189 aus 44; folglich iſt das e aus der Leiter
1491 2726 2534 3189 annoch gegen das folgende eis wie 24
1491 2726 2534 3189 gegen 25; folglich ſind alle halbe Toͤne
1491 2726 2534 3189 in dieſer Leiter einander gleich, und zwar
1491 2726 2534 3189 alle klein.
363 2722 2553 3290 gg Es iſt klar, daß es iſt, (An⸗ aus z oder 44. Folglich iſt eis
363 2722 2553 3290 merk. d) und daß e 4iſt. Es und e aus 44; folglich iſt das e aus der Lener
363 2722 2553 3290 verhalten ſich alſo wie gegen H, das annoch gegen das folgende eis wie 24
363 2722 2553 3290 iſt, wie 6 mal 4 gegen 5 mal 5, oder gegen 25; folglich ſind alle halbe Toͤne
363 2722 2553 3290 wie 24: 25, und diefes Jntervall machet in dieſer Leiter einander gleich, und zwar
363 2722 2553 3290 den kleinen halben Ton aus. Noch mehr, alle klein.
363 2722 2553 3290 das a aus dem Baſſe iſt , und cis iſt
