2973 3662
994 171 1954 261 Urſprunge der Tonarten.
2486 198 2549 261 15
1353 325 1585 404 §. 27.
549 420 2542 509 Aus eben dieſem Grunde wuͤrde ein Geſang, der aus den hin⸗
387 511 2544 598 tereinander folgenden Toͤnen c, der Oberduodecime g, und der großen
385 598 2545 686 Oberdecime⸗Septime beſtaͤnde, der ſimpelſte und natuͤrlichſte von
390 689 2544 774 allen ſeyn, wenn unſere Stimme gnungſamen Umfang haͤtte, dieſe
384 776 2543 864 große Jntervalle ohne Muͤhe hervorzubringen. Aber die Freyheit
386 868 2543 951 und Bequemlichkeit, die wir haben, an die Stelle eines Tons ſeine
384 958 2545 1045 Octave zu gebrauchen, giebet uns ein Mittel an die Hand, dieſen
385 1045 2476 1118 Geſang nachzumachen.
563 1129 2543 1220 Wenn wir naͤmlich den Ton c angeſtimmet haben, ſo ſtimmen
385 1218 2545 1313 wir natuͤrlicher Weiſe die große Terz e und die Quinte g an, anſtatt
382 1310 2542 1402 die Doppeloctave von e oder die Octave von g zu nehmen. Zu
381 1396 2539 1485 dieſen Toͤnen fuͤgen wir die Octave c und da entſteht der Geſang:
384 1489 2540 1576 c: e: g: c, der in der That der ſimpelſte und leichteſte von allen iſt.
385 1574 2236 1663 Er hat auch ſeinen Urſprung in der Erklingung der Seyte.
1346 1702 1559 1785 §. 28.
535 1798 2534 1892 Dieſer Geſang c: e: g: c, worinnen die große Terz c: e vor⸗
384 1886 2532 1978 handen iſt, machet die ſo genannte große oder harte Tonart aus.
382 1978 2535 2063 Hieraus folget, daß die harte Tonart ein unmittelbares Werk der
381 2064 1753 2149 Natur iſt.
1337 2167 1565 2251 §. 29.
501 2255 2530 2343 Die Erzitterung der Unterduodecime und großen Unterdecime⸗
381 2343 2540 2433 Septime, wovon in der zweyten Erfahrung geſprochen worden, fuͤh⸗
383 2432 2528 2523 ret uns zu einer andern Entdeckung. Da die kleine Unterterz von c
381 2517 2527 2614 ein a iſt: ſo iſt folglich as die große Unterterz; denn die große Terz
383 2608 2526 2696 iſt, wie in der Vorbereitung gelehret worden, ein um einen halben
383 2696 2525 2786 Ton groͤßeres Jntervall, als die kleine Terz. Folglich muß der Raum
381 2780 2522 2880 von c zu as abwaͤrts eine große Terz enthalten. Hieraus iſt zu
379 2872 2522 2963 ſchließen, daß die große Unterdecime. Septime von c, die abſteigende
377 2960 2519 3054 zweyfache Octave von as ſeyn muß. Wenn ferner die Unterquinte
376 3045 2516 3145 von c ein f iſt, ſo muß die Unterduodecime von c die abſteigende
375 3133 1310 3218 Octave dieſes f ſeyn.
2318 3254 2512 3333 §. 30.
