2973 3645
455 176 2364 297 1Buch. XVII Cap. Von unterbrochenen Cadenzen.
2415 170 2536 271 Gi
341 335 2504 519 Geſanges vermuthet, ſobald es einen andern Baß dazu zu hoͤren,
341 335 2504 519 verbunden iſt.
1308 513 1562 609 §. 134.
360 609 2529 1665 Die unterbrochene Cadenz kann, meines Erachtens, ſo betrachtet
360 609 2529 1665 werden, als wenn ſie aus dem Doppelgebrauche entſpruͤnge, weil ſie,
360 609 2529 1665 ſo wie dieſer, in nichts anderm als einer diatoniſchen aufſteigenden
360 609 2529 1665 Fortſchreitung des Baſſes beſtehet, (Cap. Xll.). Jn der That wird
360 609 2529 1665 man durch nichts verhindert, von dem Accorde g, h, d, f auf den Ac⸗
360 609 2529 1665 cord c, e, g, a herabzugehen, und die toniſche Note c zur Unterdomi⸗
360 609 2529 1665 nante zu machen, das iſt, aus dem Tone e mit einmal in den Ton g
360 609 2529 1665 zu gehen. Es iſt aber einerley von g, h, d, f auf c, e, g, a herabzu⸗
360 609 2529 1665 gehen, oder von dem Accorde g, h, d, f zu a, c, e, g hinaufzuſteigen,
360 609 2529 1665 indem man, nach den Geſetzen des Doppelgebrauchs, den Accord der
360 609 2529 1665 Unterdominante c, e, g, a in den Accord der unvollkommenen Domi⸗
360 609 2529 1665 nante veraͤndert.
1295 1658 1562 1760 §. 135.
373 1754 2536 2199 Jn dieſer Art von Cadenz, wird die Diſſonanz des erſten Ac⸗
373 1754 2536 2199 cords, in die Quinte des folgenden Accords, bey diatoniſcher Herun⸗
373 1754 2536 2199 terſteigung, aufgeloͤſet. Z. E. in der unterbrochenen Cadenz g, h, d, f,
373 1754 2536 2199 und a, c, e, g loͤſet ſich die Diſſonanz f in die Quinte e auf, und
373 1754 2536 2199 gehet alſo diatoniſch herunter.
1340 2180 1581 2276 §. 136.
385 2276 2555 2969 Es giebet noch eine andre Art von unterbrochener Cadenz,
385 2276 2555 2969 in welcher die Dominante auf eine andre Dominante Terzenweiſe
385 2276 2555 2969 herabgehet, anſtatt Quintenweiſe auf die toniſche Note herabzuſprin⸗
385 2276 2555 2969 gen, als in den Accorden: g, h, d, f und e, g, h, d. Die Diſſonanz
385 2276 2555 2969 des erſtern Accords loͤſet ſich allhier, bey diatoniſcher Herunterſtei⸗
385 2276 2555 2969 gung, in die Octave der Grundnote des folgenden Accords auf, wie
385 2276 2555 2969 man in dem vorhergehenden Exempel ſiehet, wo das f auf die Octa⸗
385 2276 2555 2969 de e herabgehet.
1314 2975 1594 3064 §. 137.
398 3071 2549 3249 Auch dieſe Art von unterbrochener Cadenz hat ihren Urſprung,
398 3071 2549 3249 meines Erachtens, aus dem Doppelgebrauche. Denn, wenn wir die
1550 3243 2542 3338 H 3 beyden
