2973 3707
399 218 548 322 82
794 486 2243 768 Fuͤnftes Capitel.
794 486 2243 768 Von dem Grundbaſſe.
1350 813 1667 917 §. 189.
417 946 690 1193 M
412 954 2631 1578 an nehme einen willkuͤhrlichen Geſang, und ſetze dazu einen
412 954 2631 1578 Baß, deſſen verſchiedene Noten theils den vollkommenen,
412 954 2631 1578 theils den Septimen⸗ theils den Sextquintenaccord uͤber ſich
412 954 2631 1578 haben. Jn jedem Accorde muß die in dem Geſange daruͤber vorkom⸗
412 954 2631 1578 mende Note mit enthalten ſeyn. Ein ſolcher nach den bald folgen⸗
412 954 2631 1578 den Regeln componirter Baß heißt ein Grundbaß; (Man ſehe das
412 954 2631 1578 I. Buch).
412 1628 2625 2774 Alſo wird man ſinden, daß der Geſang
412 1628 2625 2774 c, d, e, f, g
412 1628 2625 2774 zu ſeinem Grundbaſſe die folgenden Noten hat oder haben kaun:
412 1628 2625 2774 7
412 1628 2625 2774 nt, , c, f, c
412 1628 2625 2774 Die Note c aus dem Geſange findet ſich augenſcheinlich in dem Baſ⸗
412 1628 2625 2774 ſe in der Harmonie c, e,g,c; die zweyte Note d iſt die Quinte aus
412 1628 2625 2774 dem Septimenaccorde von g; u. ſ. w. (39), und der Baß enthaͤlt
412 1628 2625 2774 keine andre Harmonien, als den vollkommenen, Septimen⸗ und Sext⸗
412 1628 2625 2774 quintenaccord. Derſelbe iſt uͤbrigens annoch nach folgenden Regeln
412 1628 2625 2774 verfertiget.
2366 3227 2638 3375 Sech⸗
