2973 3622
898 162 2023 275 Benennungen eines Jntervalls.
2415 187 2522 282 73
360 313 2522 541 Es giebt aber einige Jntervalle, die nach der Verſchiedenheit der Um⸗
360 313 2522 541 ſtaͤnde verſchiedene Namen bekommen. Wir wollen ſelbige erklaͤren.
1296 560 1587 661 §. 160.
316 674 2554 1135 Ein aus anderthalb Ton beſtehendes Jntervall, welches insge⸗
316 674 2554 1135 mein eine kleine Terz heißt, wird auch oͤfters eine uͤbermaͤßige
316 674 2554 1135 Secunde genennet, z. E. c, dis. Wenn man von dem dis das
316 674 2554 1135 Kreuz wegnaͤhme, ſo wuͤrde d, und folglich eine Secunde uͤbrig
316 674 2554 1135 bleiben. Daher heißt c, dis eine uͤbermaͤßige Secunde.
1296 1154 1606 1249 §. 161.
341 1255 2529 1730 Ein Jntervall, welches aus zween ganzen und zween halben Toͤ⸗
341 1255 2529 1730 nen beſteht, z. E. h, f, heißt eine falſche oder verminderte Quinte.
341 1255 2529 1730 Dieſes Jntervall iſt auf dem Claviere mit dem Triton oder der uͤber⸗
341 1255 2529 1730 maͤßigen Quarte einerley. Die Urſache ihrer Verſchiedenheit im Ge
341 1255 2529 1730 brauche wird weiter unten vorkommen.
1296 1743 1575 1838 §. 162.
361 1857 2554 2470 So wie das Jntervall e, dis eine uͤbermaͤßige Secunde heißt:
361 1857 2554 2470 ſo wird das Jntervall c, gis eine uͤbermaͤßige Quinte genennet. Die⸗
361 1857 2554 2470 ſes c, gis iſt auf dem Claviere einerley mit der kleinen Serte c, as.
361 1857 2554 2470 Es muͤſſen aber beyde im Gebrauche wohl von einander unterſchieden
361 1857 2554 2470 werden. Wenn man von gis das Kreuz wegnaͤhme, ſo wuͤrde die
361 1857 2554 2470 Quinte g uͤbrig bleiben; und nimmt man von as das Be weg: ſo
361 1857 2554 2470 bleibet die große Sexte a nach.
1334 2495 1606 2590 §. 163.
380 2611 2556 3146 Aus eben dem Grunde wird ein aus drey ganzen und drey hal⸗
380 2611 2556 3146 ben Toͤnen beſtehendes Jntervall, z. E. gis, f, eine verminderte Se⸗
380 2611 2556 3146 ptime genennet. Denn, wenn man von gis das Kreuz wegnimmt:
380 2611 2556 3146 ſo bleibet g zuruͤck, und g, f machet eine kleine Septime aus. Sonſten
380 2611 2556 3146 iſt die verminderte Septime gis, f und die große Sexte as, f auf
380 2611 2556 3146 dem Claviere einerley. 0
474 3171 2535 3266 Einleit. in die muſic. Setzk. §. 164.
