2973 3665
449 189 583 285 n6
641 176 2368 272 IIBuch. XIIl Cap. Den Grundbaß in einem ꝛc.
539 318 2638 1232 kann ebenfalls dur oder moll ſeyn, nachdem die Terz in dem
539 318 2638 1232 Sextquintenaccorde beſchaffen iſt, groß oder klein.
539 318 2638 1232 3) Wenn man eine toniſche Dominante findet: ſo iſt man in dem
539 318 2638 1232 Tone der Unterquinte von dieſer toniſchen Dominante. Da
539 318 2638 1232 aber die Terz in dem Accorde der toniſchen Dominante allezeit
539 318 2638 1232 groß iſt: ſo kann man nicht wiſſen, ob man in einem Dur⸗ oder
539 318 2638 1232 Molltone iſt. Dieſes alſo zu erfahren, gebe man auf die Terz
539 318 2638 1232 des folgenden Accords Acht, die die Beſchaffenheit der Tonart
539 318 2638 1232 entſcheiden wird.
1402 1258 1690 1366 §. 243.
449 1373 2643 2076 Jede Veraͤnderung des Tons ſetzet eine Cadenz voraus, und
449 1373 2643 2076 wenn die Tonart in dem Grundbaſſe veraͤndert wird: ſo geſchieht ſol⸗
449 1373 2643 2076 ches faſt allezeit entweder nach der toniſchen Note des Tons, worin⸗
449 1373 2643 2076 nen man war, oder nach der toniſchen Dominante dieſes Tons, die
449 1373 2643 2076 unter Beguͤnſtigung einer Cadenz, die ſich nothwendig dabey ereignen
449 1373 2643 2076 muß, alsdenn fuͤr eine toniſche Note angeſehen wird. Daher koͤmmt
449 1373 2643 2076 es, daß die Cadenzen eines Geſanges insgemein eine darauf folgende
449 1373 2643 2076 Veraͤnderung des Tons ankuͤndigen.
1390 2140 1703 2224 §. 244.
468 2243 2650 2614 Alle dieſe Regeln, mit welchen man eine Kaͤnntniß der oben er⸗
468 2243 2650 2614 klaͤrten Tonarten (§. 234.) verbinden muß, werden hinlaͤnglich ſeyn,
468 2243 2650 2614 die Veraͤnderung eines Tons in der Mitte eines Stuͤcks, beſonders
468 2243 2650 2614 an den weſentlichſten Oertern, z. E. bey Cadenzen, zu erkennen [fn_ppp)].
2394 2735 2618 2850 Vier⸗
468 2889 1543 3215 ppp) Zween Toͤne ober Tonarten ſind
468 2889 1543 3215 deſto mehr einander verwandt, je mehre⸗
468 2889 1543 3215 re Toͤne ſolche gemeinſchaftlich haben, z.
468 2889 1543 3215 E. c dur und a moll. Gegentheils
1575 2889 2637 3215 ſind zween Toͤne oder Tonarten deſto we⸗
1575 2889 2637 3215 niger einander verwandt, je weniger Toͤ⸗
1575 2889 2637 3215 ne dieſelben gemeinſchaftlich haben, z. E.
1575 2889 2637 3215 c dur und h dur.
430 2876 2656 3254 ppp) Zween Toͤne ober Tonarten ſind ſind zween Toͤne oder Tonarten deſto we⸗
430 2876 2656 3254 deſto mehr einander verwandt, je mehre⸗ niger einander verwandt, je weniger Toͤ⸗
430 2876 2656 3254 re Toͤne ſolche gemeinſchaftlich baben, z. ne dieſelben gemeinſchaftlich haben, z. E.
430 2876 2656 3254 E. c dur und a moll. Gegentheils c dur und h dur.
