2973 3653
401 169 523 291 92
969 112 2015 278 IBuch. VIi Cap. Regeln
408 316 2624 522 und in ſelbige mehr Veraͤnderung zu bringen, als ſolche haben wuͤrde,
408 316 2624 522 wenn ſie aus nichts, als aus Grundharmonien beſtaͤnde ).
399 533 2621 907 Der Generalbaß iſt alſo eine Art von Oberſtimme in Anſehung
399 533 2621 907 ſeines Grundbaſſes. Hier folgen die Regeln deſſelben, die, ausge⸗
399 533 2621 907 nommen die erſte, im Grunde keine andern ſind, als die wir von der
399 533 2621 907 Oberſtimme gegeben haben.
1199 910 1811 1037 Erſte Regel.
1346 1056 1652 1152 §. 210.
402 1133 2602 1523 Jede Note, die den Accord der falſchen Quinte uͤber ſich hat,
402 1133 2602 1523 und folglich eine tonbezeichnende Note iſt, muß (§. 77) einen Grad
402 1133 2602 1523 uͤber ſich gehen, waͤhrender Zeit ſich die falſche Quinte einen Grad
402 1133 2602 1523 herunter beweget, als:
1027 2000 1971 2134 Zweyte Regel.
1352 2147 1645 2236 §. 211.
402 2231 2592 2516 Jede Note, die den Accord der uͤbermaͤßigen Quarte traͤget, muß
402 2231 2592 2516 einen Grad unter ſich gehen, waͤhrender Zeit die uͤbermaͤßige Quarte
402 2231 2592 2516 einen Grad uͤber ſich gehet, als:
2321 2746 2589 2867 Dritte
421 2902 1478 3288 yy) Derjenige Generalbaß iſt allezeit
421 2902 1478 3288 der ſangbarſte, wo die Noten in diatoni⸗
421 2902 1478 3288 ſcher Ordnung, ſo viel als moͤglich, auf
421 2902 1478 3288 einander folgen. Da der Grundbaß
421 2902 1478 3288 meiſtens aus Quinten- und Quartenfort⸗
1520 2899 2574 3291 ſchreitungen beſtehet, und folglich die ſtu⸗
1520 2899 2574 3291 fenweiſe diatoniſche Fortſchreitung daſelb⸗
1520 2899 2574 3291 ſten unterbrochen wird: ſo ſiehet man
1520 2899 2574 3291 gar leicht ein, warum ein Generalbaß
1520 2899 2574 3291 ſangbarer als ein Grundbaß iſt.
396 2876 2603 3307 yy) Derjenige Generalbaß iſt allezeit ſchreitungen beſtehet, und folglich die ſtu⸗
396 2876 2603 3307 der ſangbarſte, wo die Noten in diatoni⸗ fenweiſe diatoniſche Fortſchreitung daſelb⸗
396 2876 2603 3307 ſcher Ordnung, ſo viel als moͤglich, auf ſten unterbrochen wird: ſo ſiehet man
396 2876 2603 3307 einander folgen. Da der Grundbaß gar leicht ein, warum ein Generalbaß
396 2876 2603 3307 meiſtens aus Quinten und Quartenfort⸗ ſangbarer als ein Grundbaß iſt.
