2973 3711
453 172 584 284 36
753 153 2339 279 IBuch. VI Cap. Von der Temperatur.
468 334 2674 706 Vermittelſt dieſer Operation werden alle zwoͤlf halbe Toͤne der
468 334 2674 706 Octave geſtimmet ſeyn. Es fehlet nichts mehr daran, als die uͤbri⸗
468 334 2674 706 gen Octaven alle nachzuholen, und das Clavier wird ſehr wohl ge⸗
468 334 2674 706 ſtimmet ſeyn.
453 691 2678 1423 Wir haben dieſe Regel der Temperatur nach dem Hrn. Rameau
453 691 2678 1423 gegeben, und uͤberlaßen uneingenommenen Kuͤnſtlern, ſelbige zu beur⸗
453 691 2678 1423 theilen. Dem ſey wie ihm wolle, und man greife zu dieſer oder je⸗
453 691 2678 1423 ner Temperatur; ſo werden die dadurch verurſachten Alterationen in
453 691 2678 1423 der Harmonie dem Gehoͤre wenig merklich ſeyn (23), als welches,
453 691 2678 1423 wegen ſeiner Beſchaͤftigung mit dem Grundbaße, ſolche entweder we⸗
453 691 2678 1423 nig achtet, oder ſie ohne Verdruß vernimmt, weil es von ſelbſt das⸗
453 691 2678 1423 jenige erſetzt, was den Jntervallen an ihrer Reinigkeit abgehet.
453 1428 2664 1816 Zwo ſimple und taͤgliche Erfahrungen werden beſtaͤtigen, was
453 1428 2664 1816 ich ſage. Man hoͤre eine Stimme, die in Begleitung verſchiedener
453 1428 2664 1816 Jnſtrumente ſinget. So ſehr die Stimme von den uͤbrigen Jnſtru⸗
453 1428 2664 1816 menten, und dieſe wieder unter ſich in der Temperatur unterſchieden
2517 1804 2635 1890 ſind
433 1937 1534 3392 ne der Octave ungleich machen, ſie da⸗
433 1937 1534 3392 durch jeder Tonart einen beſondern Cha-
433 1937 1534 3392 racter geben, und nach ihnen iſt die Ton⸗
433 1937 1534 3392 leiter
433 1937 1534 3392 c, d, e, f, g, a, h, c
433 1937 1534 3392 nicht einerley mit der Tonleiter:
433 1937 1534 3392 e, fis, gis, a, h, cis, dis, e
433 1937 1534 3392 und dieſe Ungleichheit, ſagen ſie, machet
433 1937 1534 3392 den Ton c und den Ton e zu verſchiedenen
433 1937 1534 3392 Ausdruͤcken geſchickt. Aber nach allem
433 1937 1534 3392 dem, was wir in dieſem Werke von
433 1937 1534 3392 der Formation des diatoniſchen Klangge⸗
433 1937 1534 3392 ſchlechts geſagt haben, muß man uͤber⸗
433 1937 1534 3392 zeuget ſeyn, daß, nach der Abſicht der
433 1937 1534 3392 Natur, die diatoniſche Leiter in allen Ton
433 1937 1534 3392 arten gleich ſeyn muß; die gegentheilige
433 1937 1534 3392 Meinung, ſagt Hr. Rameau, iſt ein Vor⸗
1568 1932 2644 3382 urtheil des Tonkuͤnſtlers. Der Cbaracter
1568 1932 2644 3382 eines muſikaliſchen Stuͤcks entſpringet
1568 1932 2644 3382 hauptſaͤchlich aus der Vermiſchung der
1568 1932 2644 3382 Tonarten, aus der mehr oder weniger
1568 1932 2644 3382 lebhaften Bewegung, aus der Hoͤhe oder
1568 1932 2644 3382 Tiefe der Toͤne, aus der Staͤrke und
1568 1932 2644 3382 Schwaͤche der Toͤne, aus der Wendung
1568 1932 2644 3382 der Gedanken, aus der Art der Harmo⸗
1568 1932 2644 3382 nie und Melodie ic.
1568 1932 2644 3382 Der lezte Vortheil unſerer Temperatur
1568 1932 2644 3382 beſtehet endlich darinnen, daß ſie von
1568 1932 2644 3382 derjenigen gar wenig unterſchieden iſt, die
1568 1932 2644 3382 man auf andern Jnſtrumenten, z. E. auf
1568 1932 2644 3382 der Violine 2. ausuͤbet, allwo man die
1568 1932 2644 3382 guten Quinten und Quarten den guten
1568 1932 2644 3382 Terzen und Sexten vorziehet; eine Tem⸗
1568 1932 2644 3382 peratur, die der Schlentrianstemperatur
1568 1932 2644 3382 auf dem Claviere entgegen laͤuft.
