2973 3662
427 191 2046 283 126 Anmerkungen des Ueberſetzers.
431 334 2571 430 dem reinen Verhalte der Quinte 4 differiret: ſo brauchet man dieſe beyden Bruͤ⸗
436 432 2537 512 che nur folgendergeſtalt zu vergleichen, als:
706 536 1485 615 1, 2
706 552 2177 598 II 2 3 C
695 583 2315 646 — & —l 2 2— — die gefundene Differenz.
699 552 2299 730 z3 *7 ue ofindene Dſeem
600 727 2577 819 (21) Die Schwebung der großen Terzen uͤber ſich betrift nicht
442 815 2577 895 einmal ſo viel, ſondern nur ungefaͤhr aus 4, das iſt ſo viel als 3 mal 4a
443 891 2580 980 gegen 1, oder . Die kleinen Terzen aber ſchweben etwas mehr un⸗
445 969 2580 1056 ter ſich, naͤmlich aus oder rr. Vier kleine Terzen naͤmlich geben
443 1049 2584 1132 ein his, welches um 8z die Einheit uͤbertrift. Dieſer Bruch unter ſich di⸗
445 1126 2587 1212 vidiret giebt r, und wenn dieſer Bruch wieder dividiret wird: ſo koͤmmt
446 1203 2587 1290 27. Dieſer letzte Bruch bleibt weg, und die Ration, um welche vier klei⸗
449 1282 2587 1367 ne Terzen groͤßer als die Octave ſind, iſt ungefaͤhr . Eine jede kleine Terz
451 1359 2611 1441 wird nun in der gleichſchwebenden Temperatur um aus , das iſt folglich
452 1442 2327 1520 um 4 mal 27 gegen 1, oder um erniedriget.
609 1533 2590 1623 Um zu wiſſen, wie viel die Schwebung der großen Terz Hr von dem
450 1614 2591 1702 reinen Verhalte der großen Terz , und die Schwebung der kleinen Terz br
450 1695 2591 1777 von dem reinen Verhalte differiret, brauchet man ſolche nur zu vergleichen,
449 1790 1305 1862 wie folget:
646 1855 2398 2040 z i oefudee i
1146 2136 2582 2196 6 1
1146 2184 2107 2252 2 — die gefundene Differen
1155 2187 2582 2326 5  die gefundene Diferez.
458 2338 2437 2425 Der Proceß der Comparation iſt in meinen Anfangsgruͤnden beſchrieben.
614 2440 2612 2539 Das Comma 4 , um welches vier kleine Terzen die Octave uͤberſteigen.
465 2520 2597 2599 wird ein Drittheilston genennet. Daß dieſe Benennung ihren Grund habe,
469 2598 2599 2683 naͤmlich in Abſicht auf den kleinern ganzen Ton , ſiehet man daraus, weil
468 2678 2600 2765 die Differenz deſſelben von der Einheit 5, ein Drittheil aus aber ſo viel, als
474 2755 2599 2842 iſt. Nun iſt der Bruch ungefaͤhr eben ſo viel, als , wie man vor⸗
474 2834 2601 2926 her geſehen hat; ſolglich kann das Comma mit Recht ein Drittheilston
476 2930 929 3004 genennet werden.
632 3014 2606 3101 (22) (23) Die Beſchaͤfftigung des Ohrs mit dem Grundbaſſe achtet
477 3094 2606 3183 ohne Zweifel nicht die ſehr geringe Veraͤnderung eines, nach den Regeln der
477 3172 2609 3312 gleichſchwebenden Temperatur, von ſeiner arithmetiſchen Reinigkeit entfernten
2226 3260 2611 3312 Tons.
