2973 3645
525 169 2370 315 dem Werthe der Roten, dem Tacte und der Ruͤckung.
2434 201 2542 309 77
373 341 2562 618 Das viereckichte Be () dienet darzu, eine Note, die um
373 341 2562 618 einen halben Ton erhoͤhet oder erniedriget worden, wieder in ihre
373 341 2562 618 vorige Stelle zu verſetzen.
1346 620 1613 710 §. 173.
370 721 2572 1427 Wenn ein oder b vorne am Schluͤſſel ſtehet: ſo muͤſſen alle
370 721 2572 1427 Noten, die auf derjenigen Linie oder demjenigen Zwiſchenraume vor⸗
370 721 2572 1427 kommen, wo eines dieſer Zeichen ſtehet, hiernach entweder um einen
370 721 2572 1427 halben Ton erhoͤhet oder erniedriget werden. Zum Exempel, wenn
370 721 2572 1427 die Vorzeichnung des C Schluͤſſels auf der erſten Linie mit einem t
370 721 2572 1427 auf dem Zwiſchenraume f verbunden wird: ſo muß allezeit fis ge⸗
370 721 2572 1427 nommen werden, und kann man nicht eher f nehmen, ehe nicht ein
370 721 2572 1427 vorkoͤmmt.
360 1448 2588 1811 Eben ſo verhaͤlt es ſich, wenn ein b beym Schluͤſſel ſtehet, z. E.
360 1448 2588 1811 auf der vierten Linie des C Schluͤſſels auf der erſten Linie; da man
360 1448 2588 1811 alsdenn nicht eher ein h nehmen kann, ehe ſolches nicht durch das
360 1448 2588 1811 Wiederherſtellungszeichen angezeiget wird.
1320 1836 1618 1933 §. 174.
379 1945 2549 2206 Jedes muſikaliſche Stuͤck wird in verſchiedene gleiche Theile oder
379 1945 2549 2206 Zeiten abgetheilet, welche man Tacte nennet; und jeder Tact wird
379 1945 2549 2206 wieder in verſchiedene Theile oder Zeiten unterſchieden.
373 2231 2561 2675 Der Tact iſt eigentlich zweyerley: der zweytheilige oder ge⸗
373 2231 2561 2675 rade Tact, welcher durch 2 uͤberhaupt, oder beſonders durch * oder
373 2231 2561 2675 1 oder angezeiget wird; und der dreytheilige oder ungerade
373 2231 2561 2675 Tact, welcher durch 3 uͤberhaupt, oder beſonders durch oder
373 2231 2561 2675 oder angezeiget wird.
379 2683 2552 2861 Die Tacte eines Stuͤcks werden einer von dem andern durch per⸗
379 2683 2552 2861 pendiculare Linien abgeſondert.
383 2872 2549 3228 Man unterſcheidet in einem Tacte zweyerley Arten von Tact⸗
383 2872 2549 3228 theilen, ein gutes und ein ſchlechtes. Das aute Tacttheil faͤllt in
383 2872 2549 3228 den Niederſchlag, und das ſchlechte in den Aufſchlag. Eine vierthei⸗
383 2872 2549 3228 lige Tactart kann fuͤr nichts anders, als eine zuſammengeſetzte zwey⸗
1506 3230 2540 3321 K3theili⸗
