2973 3685
469 196 558 259 90
1053 175 2062 273 IBuch. vII Cap. Regeln
785 328 2331 437 Umkehrung des vollkommenen Accords.
1429 464 1657 544 §. 205.
470 570 2639 674 Der vollkommene harte Accord c, e, g, c, kann auf zweyer⸗
480 665 2496 750 ley Art umgekehret werden, als:
567 775 2640 864 1) e, g,c, e. Dieſes heißt ein Sextenaccord, welcher aus der
640 867 2640 964 Terz, Sexte und Octave beſtehet. Es wird ſelbiger durch eine
648 953 2617 1056 6 beziffert.
566 1054 2636 1155 2 g,c,e,g. Dieſes heißt ein Sextquarten ⸗oder Quartſex⸗
655 1143 2636 1247 tenaccord, welcher aus der Quarte, Sexte und Octave beſtehet.
653 1234 2614 1323 Es wird ſelbiger durch beziffert.
474 1329 2637 1431 Der vollkommene weiche Accord a, c, e, a, wird auf eine aͤhn⸗
476 1419 1119 1506 liche Art umgekehret.
878 1553 2222 1663 Umkehrung des Septimenaccords.
1435 1687 1680 1769 §. 206.
653 1790 2630 1889 Jn dem Accorde der toniſchen Dominante g, h, d, f, wird
480 1882 2628 1981 die große Terz uͤber der Grundnote, naͤmlich das h, eine tonbezeich⸗
466 1966 2631 2059 nende Note genennet (§. 77), und der vermittelſt der Umkehrung dar⸗
473 2056 2630 2152 auf fallende Accord h, d, f, g, der aus einer kleinen Terz, falſchen
473 2148 2626 2242 Quinte und kleinen Sexte beſtehet, wird uͤberhaupt ein Sextquinten⸗
475 2232 2626 2322 accord, oder Quintſextenaccord, beſonders aber ein Accord der
475 2320 2608 2415 falſchen Quinte genennet. Man beziffert ſelbigen mit 6 und 5.
653 2433 2624 2532 Der Accord d, f, g, h, der aus der Terz, Quarte und Sexte
474 2525 2622 2622 beſtehet, wird ein Terzquarten⸗ oder Quartterzenaccord genennet,
477 2616 2624 2709 und mit 4 und 3 beziffert. Jn dem gegenwaͤrtigen Terzquartenac⸗
478 2705 2574 2796 corde iſt die Terz klein, die Quarte vollkommen, und die Sexte groß.
2488 2807 2621 2876 Der
478 2920 2617 3002 Man ſiehet darinnen, daß die ſyncopi⸗ Theile aber eine Septime, und folglich
475 3002 2614 3078 rende Note g in dem erſten Theile der eine Diſſonanz gegen a machet. Eben ſo
475 3078 2570 3163 Syncopation, eine Quinte und felglich verhaͤlt es ſich mit der Note f.
476 3160 2318 3231 eine Conſonanz zu c; in dem zweyten
478 2920 1506 2996 Man ſiehet darinnen, daß die ſhyncopi⸗
475 3002 1505 3077 rende Note g in dem erſten Theile der
475 3078 1503 3151 Syncopation, eine Quinte und folglich
476 3160 1502 3231 eine Conſonanz zu c; in dem zweyten
1584 2928 2617 3002 Theile aber eine Septime, und folglich
1582 3010 2614 3078 eine Diſſonanz gegen a machet. Eben ſo
1581 3083 2570 3163 verhaͤlt es ſich mit der Note f.
