2973 3625
451 232 557 280 120
972 196 2049 292 Anerkungen des Ueberſetzers.
601 353 2566 437 (6) Daß ſo viel als anderthalb iſt, erfaͤhret man vermittelſt der Di.
449 434 2047 656 von, a
451 513 1587 584 z 1
645 593 2310 666 (2l
450 691 2570 781 und anderthalb wird wieder zu H, wenn man die ganze Zahl 1 und den Bruch
458 782 1402 869 folgendermaßen reduciret, als:
921 871 1458 964 1
1420 960 1785 1017 τ
453 1096 2574 1268 ſndat biervon mehrere Nachricht in meinen Anfangsgrunden der theoret.
533 1212 1629 1256 uut.
609 1276 2573 1367 () Wer von der Art, die Proportion eines Jntervalls gegen das andre
458 1352 2572 1451 zu beſtimmen, und ihre Differenzen zu finden, umſtaͤndlicher unterrichtet ſeyn
459 1426 2573 1523 will, ſehe die vorhin gedachten Anfangsgruͤnde, in dem Capitel von der Sub⸗
457 1514 2053 1600 traction und Comparation der Verhaͤltniſſe.
609 1628 2578 1725 (8) Dieſer Proceß heißt die Addition der Verhaͤltniſſe.
614 1747 2579 1845 (9) Wenn die Octave nicht zu dem Grundtone hinzugefuͤget wird: ſo
453 1836 1770 1929 heißt der Accord ein harmoniſcher Dreyklang.
472 1938 2575 2043 (io) Was der Verfaſſer hier ſagt, iſt, bey dem angenommenen Grundſate
462 2022 2578 2116 von der Analogie der Toͤne, ganz artig theoretiſch geſagt. Es folget aber dar⸗
463 2098 2576 2197 aus, daß der Fortgang von c zu d, oder von c zu a, in dem Grundbaſſe nicht
458 2174 2578 2272 natuͤrlich iſt, im geringſten nicht, daß derſelbe nicht gut ſey. Die Kunſt koͤmmt
464 2255 2579 2359 hier der Natur zu Huͤlfe, und wollte man die erſte von der letzten verbannen:
462 2333 2577 2433 ſo wuͤrde gar keine Muſik ſeyn. Wenn aber eine Secundenfortſchreitung in
468 2408 2576 2499 einem Grundbaſſe nicht ſo natuͤrlich iſt, als eine Quintenfortſchreitung: ſo iſt
467 2485 2577 2584 die Urſache hiervon dieſe, weil bey derſelben eine Fortſchreitung uͤberſprungen oder
470 2578 2576 2668 ausgelaſſen iſt, indem man naͤmlich aus
645 3011 1162 3043 0
2370 3174 2587 3256 machet,
