2973 3612
1176 207 1785 296 des Grundbaſſes.
2429 240 2524 304 99
419 362 2523 452 Terzen beſtehet, und die tonbezeichnende Note gis, zu ſeiner Grund⸗
414 449 2515 538 note hat. Es wird derſelbe ein Accord der verminderten Septi⸗
414 534 2520 624 me genennet, und allezeit fuͤr einen die Stelle des Septimenaccords
412 622 2530 713 von der toniſchen Dominante e, gis, h, d, vertretenden Accord
413 717 825 792 gehalten.
1343 818 1625 897 §. 222.
581 939 2521 1027 Vermittelſt der Umkehrung giebet dieſer Accord der verminderten
414 1027 1694 1107 Septime folgende Saͤtze. Solche ſind:
496 1159 2517 1250 1) Der Accord h, d, f, gis, welcher aus einer kleinen Terz,
487 1251 2517 1337 falſchen Quinte, und großen Sexte beſtehet, und welchen man
586 1338 2351 1423 durch 64t und 5 anzeiget.
498 1467 2520 1556 2) Der Accord d, f, gis, h, welcher aus einer kleinen Terz,
560 1551 2519 1640 uͤbermaͤßigen Quarte und großen Serte beſtehet, und durch 4 t
584 1640 2382 1724 und 3 bezeichnet wird.
499 1767 2518 1876 3) der Accord f, gis, h, d, welcher aus einer uͤbermaͤßigen
586 1855 2519 1948 Secunde, ubermaßigen Quarte und großen Serte beſtehet, und
582 1946 2284 2021 durch 2tt bezeichnet wird.
1347 2115 1607 2198 §. 223.
584 2239 2518 2324 Wenn man bey dieſem Accorde die Unterſchiebung anbringen
414 2328 2519 2413 will: ſo muß man dazu die Unterterz und Unterquinte von der toni⸗
419 2415 2516 2498 ſchen Dominante, und folglich allhier c und a nehmen, weil der Accord
421 2498 2270 2589 gis,h, d, f, naͤmlich den Accord e, gis, h, d, vorſtellet.
503 2630 2520 2718 1) Wenn man c hinzufuͤget: ſo entſtehet ein aus der Quarte oder
587 2718 2518 2805 Undecime, der uͤbermaͤßigen Quinte, Septime und Note beſte⸗
594 2805 2518 2896 hender Accord, naͤmlich c, f, gis, h, d, welchen man mit
595 2897 1346 2982 9,5 t und 4 bezeichnet.
506 3017 2516 3106 2) Wenn man a hinzufuͤget: ſo entſtehet der Accord a, gis, h,
591 3103 2519 3195 d, f, oder a, h, d, f, gis, welcher aus der None, Septi⸗
1595 3197 2515 3282 N 2me,
