2973 3608
919 177 1989 272 Anmerkungen des Ueberſetzers.
2412 204 2520 265 123
783 340 2048 441 . **. t, ,*. r. *.
475 458 2067 546 e, cis, d, dis, e, f, fis,
807 568 2017 685 , . i.
888 699 2411 782 8 gis, a, b, 0
391 841 2504 920 Das heißt, daß aus der Zahl 2 die zwoͤlſte Wurzelzahl geſuchet, und die Zahl 2
391 919 2509 996 von Stufe zu Stufe in aufſteigender Ordnung um ſolche verringert werden
392 999 2510 1074 muß. Dieſes geſchieht, wenn das cis 2 um einmal ſo viel, als dieſe ꝓwoͤlfte
389 1074 2508 1151 Wurzelzahl betraͤgt; das d um zweymal ſo viel, das dis um dreymal ſo viel,
393 1155 2514 1230 und ſo weiter, verringert werden muß. Man kann aber auf eine umgekehrte
393 1230 2516 1308 Art zu eben dieſem Zwecke kommen, wenn man naͤmlich die Zahl 1 in abſteigen⸗
393 1308 2514 1387 der Ordnung mit der zwoͤlften Wurzel aus der Zahl 2 von Stufe zu Stufe
395 1389 2517 1470 vermehret. Das h bekoͤmmt alsdenn einmal ſo viel, als dieſe Wurzel betraͤgt,
395 1464 1222 1558 das b zweymal ſo viel, u. ſ. w.
555 1573 2520 1650 Wie aber faͤngt man es an, die zwoͤlfte Wurzel aus der Zahl 2 zu fin⸗
399 1653 2519 1728 den, und damit die 2 entweder zu verringern, oder die 1 damit zu vermehren ?
399 1730 2520 1805 Dieſes geſchieht durch Huͤlfe der Logarithmik, und weil zwiſchen 2 und 1 keine
399 1808 2522 1886 Mittelzahlen vorhanden ſind: ſo nimmt man eine willkuͤhrliche groͤßere Zahl
399 1886 2346 1961 an, die ſich verhaͤlt wie 2:1, z. E. 2000: 1000.
418 1992 2528 2072 Man dividiret den Logarithmum von 2 mit 12. Mit der kommenden
403 2070 2529 2152 Wurzel wird die Zahl 1000 entweder zwoͤlfmal vermehret, oder es wird die
406 2148 2529 2232 Zahl 2000 mit ſolcher zwoͤlfmal verringert. Wenn alsdennc ſo viel als
406 2231 2350 2306 2000 iſt: ſo iſt
778 2341 1934 2434 i 8. d 2ooo. ds 2ooot
493 2382 2351 2455 cis 2000 2000 000, und ſo weiter.
413 2493 2533 2574 Das iſt, cis iſt um ein geometriſches Zwoͤlftheil kleiner als c; und d iſt um
415 2572 2538 2656 zwey ſolcher Zwoͤlftheile kleiner als c, und ſo weiter. Man findet hiervon meh⸗
414 2651 2460 2729 rere Nachricht in meinen Anfangsgruͤnden.
573 2761 2540 2854 Wir wollen gegenwaͤrtig nach dem Sinne des Herrn Rameau eine gleich⸗
420 2853 2538 2932 ſchwebende Temperatur in ihren Zahlen entwerfen. Wir wollen ſolche, mehre⸗
419 2927 2540 3020 rer Richtigkeit wegen, zwiſchen 200000: 100o00 berechnen, und mit der Wur⸗
419 3009 2542 3090 zel aus 2 den kleinern Terminum zwoͤlfmal hinter einander vermehren. Stehet
421 3095 543 3166 alſo:
