2973 3622
853 187 2061 301 enharmoniſchen Klanggeſchlechte.
2415 200 2535 307 67
524 339 2541 1167 Der Accord h, d, f, gis gehoͤret eben dahin. Veraͤndert
524 339 2541 1167 man aber das gis in as, ſo wird h die tonbezeichnende Note,
524 339 2541 1167 und iſt ſein Sitz in der kleinen Tonart c.
524 339 2541 1167 Der Accord d, f, gis, h gehoͤret ebenfalls in n moll zu Hau
524 339 2541 1167 ſe. Veraͤndert man aber das gis in as, und das h in ces: ſo
524 339 2541 1167 iſt ſein Sitz in der kleinen Tonart es.
524 339 2541 1167 Der Accord f, gis, h, d gehoͤret ebenfalls in a moll zu Hau⸗
524 339 2541 1167 ſe. Veraͤndert man aber das f, in eis: ſo iſt ſein Sitz in der
524 339 2541 1167 kleinen Tonart ſis.
373 1186 2522 1635 Wenn man alſo durch die Tonart a moll zu dem Accorde gis,
373 1186 2522 1635 h, d, f (§. 117.) gekommen iſt: ſo kann man vermittelſt dieſes letzten
373 1186 2522 1635 Accords mit einmal in c moll, es moll oder ſis moll, und folglich
373 1186 2522 1635 in Toͤne ausweichen, die mit dem Tone a moll nichts, oder beynahe
373 1186 2522 1635 nichts gemein haben, und alſo demſelben ganz fremde ſind.
1308 1666 1612 1761 §. 146.
379 1786 2541 2836 Man muß aber gleichwohl geſtehen, daß eine ſo ploͤtzliche und
379 1786 2541 2836 unerwartete entfernte Ausweichung das Ohr nicht hintergehet; es
379 1786 2541 2836 wird davon geruͤhret, ohne ſich von dem Grunde derſelben Rechen⸗
379 1786 2541 2836 ſchaft zu geben, und dieſer Grund lieget in dem Viertheilstone, den
379 1786 2541 2836 man als nichts betrachtet, weil er von dem Ohre nicht aufs genaue⸗
379 1786 2541 2836 ſte beſtimmet werden kann, welches aber nichts deſtoweniger die gan⸗
379 1786 2541 2836 ze Haͤrte deſſelben empfindet. Aber der Augenblick der Ueberraſchung
379 1786 2541 2836 verſchwindet bald, und man geraͤth in Verwunderung, wie man mit
379 1786 2541 2836 einmal, und kaum daß man es gemerket, aus einem Tone in einen
379 1786 2541 2836 andern verſetzet iſt, der mit dem vorhergehenden gar keine Gemein⸗
379 1786 2541 2836 ſchaft hat, und worein man durch die gewoͤhnlichen Grundfort⸗
379 1786 2541 2836 ſchreitungen nicht unmittelbar haͤtte gehen koͤnnen.
1555 3184 2554 3323 J2 Zwan⸗
