2973 3657
515 190 2382 293 IBuch. XIi Cap. Regeln voim Doppelgebrauche c.
2444 216 2516 287 5
366 347 2507 432 Eindruck des Tons c in dem ganzen Umfange der Leiter erhalten, und
360 434 2502 525 man brauchet den Ton g nicht zweymal zu wiederholen, ja dieſe Wieder⸗
365 524 2503 618 holung ſich nicht einmal vorzuſtellen. Man darf zu dieſem Ende nur
363 617 2424 708 folgenden Grundbaß formiren:
757 695 2010 790 cgcfcdgc
367 774 2505 884 worinnen c den vollkommenen Accord, c, e, g, c; der Ton g den
365 882 2494 980 Septimenaccord g, h, d, f; der Ton f den Accord f, a, e, d und der
365 972 2495 1074 Ton d den Accord d, f, a, c uͤber ſich hat. Nach dem was in dem vor⸗
360 1060 2509 1156 hergehenden Capitel geſaget worden, iſt klar, daß c in dieſem Falle
362 1150 2508 1248 zu d hinauf, und d auf g, in dem Grundbaſſe herabgehen kann, und
359 1234 2504 1328 daß der Eindruck des Tons c durch das f, welches die kleine Terz
360 1320 2509 1421 d, f machet, erhalten, und nicht durch das fis, welches d natuͤrlicher
360 1419 2508 1507 Weiſe haben ſollte, gehemmet wird.
1290 1546 1571 1623 §. 107.
380 1632 2511 1722 Dieſer Grundbaß wird, wie leicht zu ſehen, die ordentliche diar
364 1733 2428 1828 toniſche Leiter geben:
376 1807 2513 1914 c, d, e, f g, a, h,c,
365 1902 2511 1998 welche folglich in dem einzigen Tone c zu Hauſe iſt, und, wenn man
365 1989 2509 2089 das zweyte Tetrachord in den Ton g verſetzen wollte, ſo muͤßte man
362 2080 1798 2168 zur Harmonie von d, ein fis anſtatt f nehmen.
1301 2210 1583 2292 §. 108.
440 2302 2506 2387 Man kann alſo auf den Stammton t, in aufſteigender diatoni⸗
364 2382 2506 2486 ſchen Ordnung, willkuͤhrlich die toniſche Dominante (d, ſis, a, c)
366 2474 2507 2576 oder die ſimple Dominante (d, f, a,c) folgen laſſen.
1299 2603 1568 2689 §. 109.
540 2700 2499 2798 Jn der kleinen Tonart a, muß die toniſche Dominante e allezeit
369 2790 2492 2890 die große Terz gis bey ſich haben, weun man von der Dominante e
372 2877 2494 2974 auf den Stammton herabgehet (§. 77), und der Accord von dieſer
372 2962 2491 3062 Dominante wird ſeyn e, gis, h, d, welcher dem Accorde g, h, d, f ganz
369 3051 2493 3148 aͤhnlich iſt. Was die Unterdominante d betrift: ſo wird ſolche zu⸗
371 3143 2495 3240 foͤrderſt die kleine Terz f bey ſich haben, um die kleine Tonart anzu⸗
1483 3229 2494 3311 G2 zeigen,
