2973 3658
413 176 566 265 a2
936 157 2079 259 Anmerkungen des Ueberſetzers.
419 304 2609 3203 (i4) Unempfindbar. Der Verfaſſer verſtehet dieſes ſo, daß die Diffe⸗
419 304 2609 3203 renz des groͤßern und kleinern ganzen Tons, in dem Laufe eines Stuͤcks, nicht
419 304 2609 3203 gemerket wird. Denn, wenn man auf einem Monochorde, auf der einen Seyte
419 304 2609 3203 9 gegen 8, und auf der andern 10 gegen 9 anſchlaͤget: ſo findet ſich alsdenn ein
419 304 2609 3203 den Ohren ſehr fuͤhlbarer Unterſcheid zwiſchen beyden.
419 304 2609 3203 (15) Wenn man in den oberſten Terminum 5z1a44t mit dem unterſten
419 304 2609 3203 5a4a88 dividiret: ſo krieget man zum Quotienten 1zr, und wenn man
419 304 2609 3203 in 524288 mit 7153 dividiret: ſo bekoͤmmt man die ganze Zahl 73 nebſt einem
419 304 2609 3203 Bruche, den man aber weglaͤſſet, um die Groͤße des Bruchs 4 ungefaͤhr
419 304 2609 3203 in kleinern Zahlen, naͤmlich in abzubilden. Wer den Unterſcheid des his
419 304 2609 3203 und c durch einen kurzen Weg aufs genaueſte haben, und auf dem Monochorde
419 304 2609 3203 ſehen und hoͤren will, der ſteche den groͤßern ganzen Ton 9:8 ſechsmal hinter
419 304 2609 3203 einander ab, und halte die durch die Halbirung der einen Seyte gefundene Octave
419 304 2609 3203 c gegen das his der andern Seyte. Sechs ganze Toͤne in der Ration 9: 8
419 304 2609 3203 bringen naͤmlich eben diejenige Ration fuͤr das his hervor, welche zwoͤlf Quin⸗
419 304 2609 3203 ten in der Ration 3: 2 geben, naͤmlich 44H4. Um c d zu haben, theilet
419 304 2609 3203 man die ganze Seyte in neun Theile, und ſchlaͤget einen Theil davon fuͤr d zu⸗
419 304 2609 3203 ruͤck. Von dem Puncte d theilet man die Seyte wieder in 9 Theile, um e zu
419 304 2609 3203 haben. Von e theilet man die Seyte wieder in 9 Theile, um fis zu haben,
419 304 2609 3203 u. f. w. bis zu ais - his.
419 304 2609 3203 .(6) Es hat mit dieſer ungefaͤhren Vorſtellung des Commatis 444 eben
419 304 2609 3203 dNe Bewandtniß, wie in der vorigen Nummer. Wenn man 128 mit 125 divi⸗
419 304 2609 3203 diret, ſo koͤmmt 1H, und wenn man 125 mit 3 dividiret, ſo koͤmmt 413. Weil
419 304 2609 3203 ,nun 3 bald ein Ganzes iſt: ſo wird aus 41 gemacht 4a, und daher entſtehet r.
419 304 2609 3203 Dieſes Comma heißt ſonſt die kleinere Dieſis.
419 304 2609 3203 (7) Das Comma zz heißt das Diaſchiſma. Aus der Diviſion des
419 304 2609 3203 groͤßern Termini mit dem kleinern entſtehet irr, und aus der Diviſion der
419 304 2609 3203 Zahl 2048 mit z entſtehet 89r. Daher koͤmmt vs.
419 304 2609 3203 (i8) Dieſes Comma heißt das Schiſma. Wenn man die Terminos
419 304 2609 3203 auf vorhergehende Art unter ſich dividiret: ſo entſtehet Hr.
419 304 2609 3203 i9) Jn etwas deutlichern Zahlen kann der Proceß der gleichſchwebenden
419 304 2609 3203 Temperatur auf folgende Art vorgeſtellet werden:
