2973 3719
495 198 571 277 z8
845 180 2317 284 1Buch. vI Cap. Von den Cadenzen.
500 309 2662 438 Product, welches zu ſeinem Zeuger oder zu dem Stammtone zuruͤck
500 424 2663 527 kehret, und welches ſich in dieſem Stammtone, mit welchem es er⸗
506 514 1579 602 klinget (Capit. I.), wiederfindet.
1475 631 1693 714 §. 74.
683 730 2666 822 Unter den vollkommenen Cadenzen giebet es einige, die vollkomme⸗
507 820 1978 913 ner, als die andern ſind. Jn dem Grundbaße
516 919 2647 1016 ic gcfcgdgc,
505 1024 2672 1114 vermittelſt weßen wir angezeigtermaßen die heutiges Tages gebraͤuch⸗
506 1116 2667 1213 liche Tonleiter erhalten, iſt ein vollkommener Ruhepunct von d zu g,
505 1204 2669 1293 ſo wie von g zu c. Es iſt aber dieſer leztere Ruhepunct vollkomme⸗
508 1296 2668 1388 ner, als der erſte, weil das von dem c zuvor eingenommene Gehoͤr,
508 1380 2670 1469 als welches dieſen Ton ſchon dreymal gehoͤret, und alſo einen verviel⸗
509 1472 2672 1566 faͤltigten Eindruck davon hat, zu dem Stammtone c zuruͤck zu keh⸗
508 1560 2672 1649 ren verlanget, und dieſes geſchieht vermittelſt der vollkommenen Ca⸗
507 1664 868 1743 denz g: C.
1480 1747 1687 1825 §. 75.
684 1835 2672 1926 Man muß uͤbrigens das, was man insgemein in der Melodie
509 1915 2674 2024 eine Cadenz nennet, nicht mit der hier erklaͤrten Cadenz in der Har⸗
510 2017 1086 2096 monie verwechſeln.
599 2107 2672 2199 Jn dem erſten Falle bedeutet dieſes Wort eine gewiſſe willkuͤhrli⸗
689 2202 2669 2288 che Auszierung, womit man, bey ſtillhaltendem Baße, die vor⸗
689 2288 2669 2382 letzte Note einer harmoniſchen Cadenz zu begleiten pflegt. Hier
694 2376 2665 2466 bedeutet dieſes Wort die Cadenz ſelber. Viele pflegen auch ſo
691 2466 2669 2560 gar einen Triller oͤfters eine Cadenz zu nennen, welches daher
693 2555 2669 2645 koͤmmt, weil der Triller ſehr oft einen vorhandenen oder ſehr na⸗
693 2643 2669 2738 hen Rupunct in dem Grundbaſſe, wo nicht anzeiget, doch wenig⸗
689 2733 1224 2823 ſtens ankuͤndiget.
1485 2830 1707 2908 §. 76.
697 2921 2671 3017 Weil in dem Grundbaſſe von dem einen Tone zum andern ein
519 3016 2670 3105 Ruhepunct iſt: ſo iſt folglich in der daraus gezogenen diatoniſchen
519 3104 2669 3189 Tonleiter, welche dieſen Baß vorſtellet, ein Ruhepunct von einem
519 3198 2670 3294 Tone zum andern; und weil der vollkommene Ruhepunct g: c, der
2570 3299 2674 3365 mit
