2973 3700
463 183 544 250 26
1040 173 2061 253 1Buch. VI Cav. Von der
1222 451 2435 542 Sechſtes Capitel.
603 579 2484 712 Von der diatoniſchen Tonleiter
1181 723 2495 833 der heutigen Zeit.
1428 881 1656 977 §. 55.
467 986 720 1212 W
729 992 2628 1083 ir haben in dem vorigen Capitel geſehen, wie die Tonleiter der
773 1078 2625 1169 Griechen h, c, d, e, f g, a, vermittelſt des Grundbaſſes
758 1165 2630 1257 f: c: g, aus nicht mehr als aus drey verſchiedenen Toͤnen
463 1255 2626 1344 entſpringe. Aber um die heutiges Tages gebraͤuchliche Leiter c, d, e,
460 1343 2623 1434 f, g, , h, c hervorzubringen, muß man zu dem Grundbaſſe nothwen⸗
463 1430 2621 1527 dig den Ton d hinzufuͤgen, und vermittelſt deſſen folgenden Grund⸗
461 1523 891 1606 baß formiren:
1015 1608 1724 1711 c g, d, g, c.
463 1708 1601 1797 Hieraus entſpringet folgende Leiter:
896 1808 1725 1900 c, d, e,fg g, g, a, h, c.
463 1913 2627 2012 Jn der That gehoͤret das c aus der Leiter, der Harmonie des
464 2009 2622 2102 Tons c aus dem Grundbaſſe, das folgende d dem d, das e dem c
464 2097 1012 2186 und ſo weiter, zu.
1427 2189 1653 2273 §. 56.
551 2279 2630 2372 Hieraus folget, daß die Tonleiter der Griechen ſimpler, als die
463 2370 2619 2457 unſrige iſt, zum wenigſten in gewiſſer Abſicht, weil die ihrige aus der
465 2459 2622 2542 einzigen Tonart c formiret iſt, (Cap. 5.), anſtatt daß die unſrige ur⸗
2396 2548 2622 2634 ſpruͤng⸗
473 2677 2627 2768 q Der numeriſche Werth der Toͤne iſt Woraus man ſiehet, daß das a aus dieſer
465 2765 2622 2843 mit dem aus der vorigen Tonleiter einer⸗ Leiter von dem a der Griechen unterſchie⸗
467 2845 2622 2923 ley, ausgenommen bey dem a; denn da den iſt, und daß die Differenz wie ge⸗
468 2866 2621 3024 errr rrer
463 2993 2331 3068 Folglich ſiehet die Leiter folgendergeſtalt
465 3043 2620 3137 aus: alſo wie ein Comma von einander unter⸗
633 3132 2615 3227 1 413 2 ſchieden.
627 3224 2531 3305 cdefgahc.
546 2683 1517 2760 q Der numeriſche Werth der Toͤne iſt
465 2765 1511 2829 mit dem aus der vorigen Tonleiter einer⸗
467 2845 1511 2907 ley, ausgenommen bey dem a; denn da
468 2918 1507 2989 d iſt: ſo iſt die Quinte davon Z.
463 2998 1511 3068 Folglich ſiehet die Leiter folgendergeſtalt
465 3081 588 3137 aus:
1580 2688 2627 2760 Woraus man ſiehet, daß das a aus dieſer
1576 2778 2622 2843 Leiter von dem a der Griechen unterfchie⸗
1566 2863 2622 2933 den iſt, und daß die Differenz wie ge⸗
1571 2954 2621 3026 gen 4, das iſt, wie g1: 80 iſt. Sie ſind
1572 3043 2620 3104 alſo wie ein Comma von einander unter⸗
1571 3121 2552 3203 ſchieden.
