<?xml version="1.0" encoding="UTF-8"?>
<pc:PcGts xmlns:pc="http://schema.primaresearch.org/PAGE/gts/pagecontent/2019-07-15"  xmlns:xsi="http://www.w3.org/2001/XMLSchema-instance" xsi:schemaLocation="http://schema.primaresearch.org/PAGE/gts/pagecontent/2019-07-15 http://schema.primaresearch.org/PAGE/gts/pagecontent/2019-07-15/pagecontent.xsd">
    <pc:Metadata>
        <pc:Creator>OCR-D/core 2.4.4</pc:Creator>
        <pc:Created>2021-01-10T21:39:08</pc:Created>
        <pc:LastChange>2021-01-10T21:39:08</pc:LastChange>
        <pc:MetadataItem type="processingStep" name="preprocessing/optimization/binarization" value="ocrd-olena-binarize">
            <pc:Labels>
                <pc:Label value="sauvola" type="impl"/>
                <pc:Label value="0.34" type="k"/>
                <pc:Label value="101" type="win-size"/>
            </pc:Labels>
        </pc:MetadataItem>
        <pc:MetadataItem type="processingStep" name="preprocessing/optimization/cropping" value="ocrd-anybaseocr-crop">
            <pc:Labels>
                <pc:Label value="True" type="force"/>
                <pc:Label value="0.04" type="colSeparator"/>
                <pc:Label value="0.3" type="maxRularArea"/>
                <pc:Label value="0.05" type="minArea"/>
                <pc:Label value="0.01" type="minRularArea"/>
                <pc:Label value="0.75" type="positionBelow"/>
                <pc:Label value="0.4" type="positionLeft"/>
                <pc:Label value="0.6" type="positionRight"/>
                <pc:Label value="10.0" type="rularRatioMax"/>
                <pc:Label value="3.0" type="rularRatioMin"/>
                <pc:Label value="0.95" type="rularWidth"/>
                <pc:Label value="page" type="operation_level"/>
            </pc:Labels>
        </pc:MetadataItem>
        <pc:MetadataItem type="processingStep" name="layout/segmentation/region" value="ocrd-tesserocr-segment-region">
            <pc:Labels externalModel="ocrd-tool" externalId="parameters">
                <pc:Label value="-1" type="dpi"/>
                <pc:Label value="True" type="overwrite_regions"/>
                <pc:Label value="0" type="padding"/>
                <pc:Label value="False" type="crop_polygons"/>
                <pc:Label value="True" type="find_tables"/>
                <pc:Label value="False" type="sparse_text"/>
            </pc:Labels>
        </pc:MetadataItem>
        <pc:MetadataItem type="processingStep" name="layout/segmentation/line" value="ocrd-tesserocr-segment-line">
            <pc:Labels externalModel="ocrd-tool" externalId="parameters">
                <pc:Label value="-1" type="dpi"/>
                <pc:Label value="True" type="overwrite_lines"/>
            </pc:Labels>
        </pc:MetadataItem>
        <pc:MetadataItem type="processingStep" name="layout/segmentation/region" value="ocrd-cis-ocropy-clip">
            <pc:Labels externalModel="ocrd-tool" externalId="parameters">
                <pc:Label value="line" type="level-of-operation"/>
                <pc:Label value="-1" type="dpi"/>
                <pc:Label value="0.7" type="min_fraction"/>
            </pc:Labels>
        </pc:MetadataItem>
        <pc:MetadataItem type="processingStep" name="recognition/text-recognition" value="ocrd-calamari-recognize">
            <pc:Labels externalModel="ocrd-tool" externalId="parameters">
                <pc:Label value="/data/models/calamari/GT4HistOCR/*.ckpt.json" type="checkpoint"/>
                <pc:Label value="confidence_voter_default_ctc" type="voter"/>
                <pc:Label value="line" type="textequiv_level"/>
                <pc:Label value="0.001" type="glyph_conf_cutoff"/>
            </pc:Labels>
        </pc:MetadataItem>
    </pc:Metadata>
    <pc:Page imageFilename="OCR-D-IMG/Marpurg_1757-047.png" imageWidth="2973" imageHeight="3709" type="content">
        <pc:AlternativeImage filename="OCR-D-IMG-BIN/OCR-D-BIN_Marpurg_1757-047-BIN_sauvola.png" comments="binarized"/>
        <pc:AlternativeImage filename="OCR-D-IMG-CROP/OCR-D-IMG-CROP_Marpurg_1757-047.png" comments="binarized,cropped"/>
        <pc:Border>
            <pc:Coords points="467,167 2656,167 2656,3404 467,3404"/>
        </pc:Border>
        <pc:ReadingOrder>
            <pc:OrderedGroup id="reading-order">
                <pc:RegionRefIndexed index="0" regionRef="region_id_0"/>
                <pc:RegionRefIndexed index="1" regionRef="region_id_1"/>
                <pc:RegionRefIndexed index="2" regionRef="region_id_2"/>
                <pc:RegionRefIndexed index="3" regionRef="region_id_3"/>
                <pc:RegionRefIndexed index="4" regionRef="region_id_4"/>
                <pc:RegionRefIndexed index="5" regionRef="region_id_5"/>
                <pc:RegionRefIndexed index="6" regionRef="region_id_6"/>
                <pc:RegionRefIndexed index="7" regionRef="region_id_7"/>
                <pc:RegionRefIndexed index="8" regionRef="region_id_8"/>
                <pc:RegionRefIndexed index="9" regionRef="region_id_9"/>
                <pc:RegionRefIndexed index="10" regionRef="region_id_10"/>
                <pc:RegionRefIndexed index="11" regionRef="region_id_11"/>
                <pc:RegionRefIndexed index="12" regionRef="region_id_12"/>
                <pc:RegionRefIndexed index="13" regionRef="region_id_13"/>
                <pc:RegionRefIndexed index="14" regionRef="region_id_14"/>
                <pc:RegionRefIndexed index="15" regionRef="region_id_15"/>
            </pc:OrderedGroup>
        </pc:ReadingOrder>
        <pc:TextRegion id="region_id_0" type="page-number">
            <pc:Coords points="449,162 449,269 566,269 566,162 449,162"/>
            <pc:TextLine id="region_id_0_line0000">
                <pc:Coords points="475,193 558,193 558,260 475,260"/>
                <pc:TextEquiv conf="0.9959890842437744">
                    <pc:Unicode>28</pc:Unicode>
                </pc:TextEquiv>
            </pc:TextLine>
            <pc:TextEquiv>
                <pc:Unicode>28</pc:Unicode>
            </pc:TextEquiv>
        </pc:TextRegion>
        <pc:TextRegion id="region_id_1" type="heading">
            <pc:Coords points="992,142 992,284 2089,284 2089,142 992,142"/>
            <pc:TextLine id="region_id_1_line0000">
                <pc:Coords points="1000,168 2066,168 2066,269 1000,269"/>
                <pc:TextEquiv conf="0.9532243609428406">
                    <pc:Unicode>1Buch. vi Cap. Von der</pc:Unicode>
                </pc:TextEquiv>
            </pc:TextLine>
            <pc:TextEquiv>
                <pc:Unicode>1Buch. vi Cap. Von der</pc:Unicode>
            </pc:TextEquiv>
        </pc:TextRegion>
        <pc:TextRegion id="region_id_2" custom="list" type="other">
            <pc:Coords points="541,309 541,1050 1226,1051 1221,975 2678,970 2688,309 541,309"/>
            <pc:TextLine id="region_id_2_line0000">
                <pc:AlternativeImage filename="OCR-D-IMG-CLIP/OCR-D-IMG-CLIP_Marpurg_1757-047_region_id_2_region_id_2_line0000.png" comments="binarized,clipped"/>
                <pc:Coords points="562,323 2647,323 2647,425 562,425"/>
                <pc:TextEquiv conf="0.9981311559677124">
                    <pc:Unicode>1) Daß man die Tonart veraͤndert, ſo oft man drey ganze Toͤne</pc:Unicode>
                </pc:TextEquiv>
            </pc:TextLine>
            <pc:TextLine id="region_id_2_line0001">
                <pc:AlternativeImage filename="OCR-D-IMG-CLIP/OCR-D-IMG-CLIP_Marpurg_1757-047_region_id_2_region_id_2_line0001.png" comments="binarized,clipped"/>
                <pc:Coords points="573,421 2153,421 2153,502 573,502"/>
                <pc:TextEquiv conf="0.9998181462287903">
                    <pc:Unicode>hinter einander anſtimmet.</pc:Unicode>
                </pc:TextEquiv>
            </pc:TextLine>
            <pc:TextLine id="region_id_2_line0002">
                <pc:AlternativeImage filename="OCR-D-IMG-CLIP/OCR-D-IMG-CLIP_Marpurg_1757-047_region_id_2_region_id_2_line0002.png" comments="binarized,clipped"/>
                <pc:Coords points="562,509 2655,509 2655,599 562,599"/>
                <pc:TextEquiv conf="0.9715370535850525">
                    <pc:Unicode>2) Daß, wenn man dieſe drey ganze Toͤne in der Leiterccd e f</pc:Unicode>
                </pc:TextEquiv>
            </pc:TextLine>
            <pc:TextLine id="region_id_2_line0003">
                <pc:AlternativeImage filename="OCR-D-IMG-CLIP/OCR-D-IMG-CLIP_Marpurg_1757-047_region_id_2_region_id_2_line0003.png" comments="binarized,clipped"/>
                <pc:Coords points="653,595 2649,595 2649,687 653,687"/>
                <pc:TextEquiv conf="0.9877466559410095">
                    <pc:Unicode>g a hchinter einander anſtimmet, dieſes nicht anders, als ver⸗</pc:Unicode>
                </pc:TextEquiv>
            </pc:TextLine>
            <pc:TextLine id="region_id_2_line0004">
                <pc:AlternativeImage filename="OCR-D-IMG-CLIP/OCR-D-IMG-CLIP_Marpurg_1757-047_region_id_2_region_id_2_line0004.png" comments="binarized,clipped"/>
                <pc:Coords points="648,684 2648,684 2648,775 648,775"/>
                <pc:TextEquiv conf="0.9990885257720947">
                    <pc:Unicode>mittelſt eines ausgedruͤckten oder darunter verſtandenen Ruhe⸗</pc:Unicode>
                </pc:TextEquiv>
            </pc:TextLine>
            <pc:TextLine id="region_id_2_line0005">
                <pc:AlternativeImage filename="OCR-D-IMG-CLIP/OCR-D-IMG-CLIP_Marpurg_1757-047_region_id_2_region_id_2_line0005.png" comments="binarized,clipped"/>
                <pc:Coords points="557,774 2648,774 2648,864 557,864"/>
                <pc:TextEquiv conf="0.9994581341743469">
                    <pc:Unicode>puncts nach dem Tone f geſchehen kann; daß folglich die drey</pc:Unicode>
                </pc:TextEquiv>
            </pc:TextLine>
            <pc:TextLine id="region_id_2_line0006">
                <pc:AlternativeImage filename="OCR-D-IMG-CLIP/OCR-D-IMG-CLIP_Marpurg_1757-047_region_id_2_region_id_2_line0006.png" comments="binarized,clipped"/>
                <pc:Coords points="651,862 2652,862 2652,957 651,957"/>
                <pc:TextEquiv conf="0.9896485209465027">
                    <pc:Unicode>ganze Toͤne f g a h gleichſam zu zweyen verſchiedenen Tetra⸗</pc:Unicode>
                </pc:TextEquiv>
            </pc:TextLine>
            <pc:TextLine id="region_id_2_line0007">
                <pc:AlternativeImage filename="OCR-D-IMG-CLIP/OCR-D-IMG-CLIP_Marpurg_1757-047_region_id_2_region_id_2_line0007.png" comments="binarized,clipped"/>
                <pc:Coords points="652,953 1184,953 1184,1042 652,1042"/>
                <pc:TextEquiv conf="0.9981763362884521">
                    <pc:Unicode>chorden gehoͤren.</pc:Unicode>
                </pc:TextEquiv>
            </pc:TextLine>
            <pc:TextEquiv>
                <pc:Unicode>1) Daß man die Tonart veraͤndert, ſo oft man drey ganze Toͤne
hinter einander anſtimmet.
2) Daß, wenn man dieſe drey ganze Toͤne in der Leiterccd e f
g a hchinter einander anſtimmet, dieſes nicht anders, als ver⸗
mittelſt eines ausgedruͤckten oder darunter verſtandenen Ruhe⸗
puncts nach dem Tone f geſchehen kann; daß folglich die drey
ganze Toͤne f g a h gleichſam zu zweyen verſchiedenen Tetra⸗
chorden gehoͤren.</pc:Unicode>
            </pc:TextEquiv>
        </pc:TextRegion>
        <pc:TextRegion id="region_id_3" type="heading">
            <pc:Coords points="1419,1020 1419,1126 1723,1126 1723,1020 1419,1020"/>
            <pc:TextLine id="region_id_3_line0000">
                <pc:Coords points="1455,1046 1711,1046 1711,1126 1455,1126"/>
                <pc:TextEquiv conf="0.9186366200447083">
                    <pc:Unicode>§. 6o.</pc:Unicode>
                </pc:TextEquiv>
            </pc:TextLine>
            <pc:TextEquiv>
                <pc:Unicode>§. 6o.</pc:Unicode>
            </pc:TextEquiv>
        </pc:TextRegion>
        <pc:TextRegion id="region_id_4" type="paragraph">
            <pc:Coords points="459,1746 459,1137 2663,1132 2653,1665 1927,1685 1962,1751 459,1746"/>
            <pc:TextLine id="region_id_4_line0000">
                <pc:Coords points="1341,1135 651,1137 651,1218 2651,1218 2651,1135 1341,1135"/>
                <pc:TextEquiv conf="0.997388482093811">
                    <pc:Unicode>Man darf ſich itzo nicht wundern, daß es eine Art von Schwie⸗</pc:Unicode>
                </pc:TextEquiv>
            </pc:TextLine>
            <pc:TextLine id="region_id_4_line0001">
                <pc:AlternativeImage filename="OCR-D-IMG-CLIP/OCR-D-IMG-CLIP_Marpurg_1757-047_region_id_4_region_id_4_line0001.png" comments="binarized,clipped"/>
                <pc:Coords points="470,1223 2651,1223 2651,1312 470,1312"/>
                <pc:TextEquiv conf="0.9969895482063293">
                    <pc:Unicode>rigkeit ſetzet, drey ganze Toͤne hinter einander zu ſingen, weil man ſol⸗</pc:Unicode>
                </pc:TextEquiv>
            </pc:TextLine>
            <pc:TextLine id="region_id_4_line0002">
                <pc:AlternativeImage filename="OCR-D-IMG-CLIP/OCR-D-IMG-CLIP_Marpurg_1757-047_region_id_4_region_id_4_line0002.png" comments="binarized,clipped"/>
                <pc:Coords points="471,1309 2649,1309 2649,1399 471,1399"/>
                <pc:TextEquiv conf="0.9977168440818787">
                    <pc:Unicode>ches nicht ohne Veraͤnderung der Tonart thun kann, und daß, wenn</pc:Unicode>
                </pc:TextEquiv>
            </pc:TextLine>
            <pc:TextLine id="region_id_4_line0003">
                <pc:Coords points="472,1402 2646,1402 2646,1485 472,1485"/>
                <pc:TextEquiv conf="0.9969918727874756">
                    <pc:Unicode>man in eben derſelben Tonart bleibet, der vierte Ton niemals hoͤher,</pc:Unicode>
                </pc:TextEquiv>
            </pc:TextLine>
            <pc:TextLine id="region_id_4_line0004">
                <pc:Coords points="470,1488 2652,1488 2652,1576 470,1576"/>
                <pc:TextEquiv conf="0.9916194081306458">
                    <pc:Unicode>als einen halben Ton als der vorhergehende iſt, wie man an c, d, e, f</pc:Unicode>
                </pc:TextEquiv>
            </pc:TextLine>
            <pc:TextLine id="region_id_4_line0005">
                <pc:Coords points="470,1578 470,1669 2508,1669 2648,1665 2648,1578 470,1578"/>
                <pc:TextEquiv conf="0.982997715473175">
                    <pc:Unicode>und an g, h, a, c ſiehet, wo zwiſchen e: f und h:cnicht mehr, als der</pc:Unicode>
                </pc:TextEquiv>
            </pc:TextLine>
            <pc:TextLine id="region_id_4_line0006">
                <pc:Coords points="473,1672 473,1746 1903,1751 1903,1672 473,1672"/>
                <pc:TextEquiv conf="0.999536395072937">
                    <pc:Unicode>Raum von einem halben Tone vorhanden iſt.</pc:Unicode>
                </pc:TextEquiv>
            </pc:TextLine>
            <pc:TextEquiv>
                <pc:Unicode>Man darf ſich itzo nicht wundern, daß es eine Art von Schwie⸗
rigkeit ſetzet, drey ganze Toͤne hinter einander zu ſingen, weil man ſol⸗
ches nicht ohne Veraͤnderung der Tonart thun kann, und daß, wenn
man in eben derſelben Tonart bleibet, der vierte Ton niemals hoͤher,
als einen halben Ton als der vorhergehende iſt, wie man an c, d, e, f
und an g, h, a, c ſiehet, wo zwiſchen e: f und h:cnicht mehr, als der
Raum von einem halben Tone vorhanden iſt.</pc:Unicode>
            </pc:TextEquiv>
        </pc:TextRegion>
        <pc:TextRegion id="region_id_5" type="heading">
            <pc:Coords points="1419,1761 1419,1847 1698,1847 1698,1761 1419,1761"/>
            <pc:TextLine id="region_id_5_line0000">
                <pc:Coords points="1453,1771 1695,1771 1695,1847 1453,1847"/>
                <pc:TextEquiv conf="0.9849255681037903">
                    <pc:Unicode>§. 6.</pc:Unicode>
                </pc:TextEquiv>
            </pc:TextLine>
            <pc:TextEquiv>
                <pc:Unicode>§. 6.</pc:Unicode>
            </pc:TextEquiv>
        </pc:TextRegion>
        <pc:TextRegion id="region_id_6" type="paragraph">
            <pc:Coords points="449,2395 449,1852 2667,1852 2663,2325 1049,2310 1038,2391 449,2395"/>
            <pc:TextLine id="region_id_6_line0000">
                <pc:Coords points="646,1852 2650,1852 2650,1941 646,1941"/>
                <pc:TextEquiv conf="0.9914405345916748">
                    <pc:Unicode>Man kann annoch bemerken, daß die kleine Terz d: f aus der</pc:Unicode>
                </pc:TextEquiv>
            </pc:TextLine>
            <pc:TextLine id="region_id_6_line0001">
                <pc:Coords points="475,1942 2649,1942 2649,2029 475,2029"/>
                <pc:TextEquiv conf="0.9885661005973816">
                    <pc:Unicode>Tonleiter c, d, e, f, aus dem unter dem §. 46. angezeigten Grunde,</pc:Unicode>
                </pc:TextEquiv>
            </pc:TextLine>
            <pc:TextLine id="region_id_6_line0002">
                <pc:Coords points="473,2033 2639,2033 2639,2116 473,2116"/>
                <pc:TextEquiv conf="0.9954253435134888">
                    <pc:Unicode>nicht rein iſt. Gleiche Bewandniß hat es mit der kleinen Terz a: c</pc:Unicode>
                </pc:TextEquiv>
            </pc:TextLine>
            <pc:TextLine id="region_id_6_line0003">
                <pc:Coords points="471,2120 2645,2120 2645,2208 471,2208"/>
                <pc:TextEquiv conf="0.9964269399642944">
                    <pc:Unicode>und der großen Terz f: a. Uebrigens machet ein jeder dieſer Toͤne eine</pc:Unicode>
                </pc:TextEquiv>
            </pc:TextLine>
            <pc:TextLine id="region_id_6_line0004">
                <pc:AlternativeImage filename="OCR-D-IMG-CLIP/OCR-D-IMG-CLIP_Marpurg_1757-047_region_id_6_region_id_6_line0004.png" comments="binarized,clipped"/>
                <pc:Coords points="470,2209 2644,2209 2644,2300 470,2300"/>
                <pc:TextEquiv conf="0.9891655445098877">
                    <pc:Unicode>vollkommen reine Conſonanz mit den ihnen zugehoͤrigen Toͤnen aus</pc:Unicode>
                </pc:TextEquiv>
            </pc:TextLine>
            <pc:TextLine id="region_id_6_line0005">
                <pc:AlternativeImage filename="OCR-D-IMG-CLIP/OCR-D-IMG-CLIP_Marpurg_1757-047_region_id_6_region_id_6_line0005.png" comments="binarized,clipped"/>
                <pc:Coords points="472,2299 1013,2299 1013,2384 472,2384"/>
                <pc:TextEquiv conf="0.9994863271713257">
                    <pc:Unicode>dem Grundbaſſe.</pc:Unicode>
                </pc:TextEquiv>
            </pc:TextLine>
            <pc:TextEquiv>
                <pc:Unicode>Man kann annoch bemerken, daß die kleine Terz d: f aus der
Tonleiter c, d, e, f, aus dem unter dem §. 46. angezeigten Grunde,
nicht rein iſt. Gleiche Bewandniß hat es mit der kleinen Terz a: c
und der großen Terz f: a. Uebrigens machet ein jeder dieſer Toͤne eine
vollkommen reine Conſonanz mit den ihnen zugehoͤrigen Toͤnen aus
dem Grundbaſſe.</pc:Unicode>
            </pc:TextEquiv>
        </pc:TextRegion>
        <pc:TextRegion id="region_id_7" type="heading">
            <pc:Coords points="1419,2370 1419,2471 1693,2471 1693,2370 1419,2370"/>
            <pc:TextLine id="region_id_7_line0000">
                <pc:Coords points="1449,2391 1672,2391 1672,2471 1449,2471"/>
                <pc:TextEquiv conf="0.952111005783081">
                    <pc:Unicode>§. 62.</pc:Unicode>
                </pc:TextEquiv>
            </pc:TextLine>
            <pc:TextEquiv>
                <pc:Unicode>§. 62.</pc:Unicode>
            </pc:TextEquiv>
        </pc:TextRegion>
        <pc:TextRegion id="region_id_8" type="paragraph">
            <pc:Coords points="449,2832 449,2477 2662,2477 2658,2756 922,2761 932,2827 449,2832"/>
            <pc:TextLine id="region_id_8_line0000">
                <pc:AlternativeImage filename="OCR-D-IMG-CLIP/OCR-D-IMG-CLIP_Marpurg_1757-047_region_id_8_region_id_8_line0000.png" comments="binarized,clipped"/>
                <pc:Coords points="644,2477 2642,2477 2642,2564 644,2564"/>
                <pc:TextEquiv conf="0.9799681901931763">
                    <pc:Unicode>Die Terzen a: c und f: a, die in der erſtern Tonleiter rein</pc:Unicode>
                </pc:TextEquiv>
            </pc:TextLine>
            <pc:TextLine id="region_id_8_line0001">
                <pc:AlternativeImage filename="OCR-D-IMG-CLIP/OCR-D-IMG-CLIP_Marpurg_1757-047_region_id_8_region_id_8_line0001.png" comments="binarized,clipped"/>
                <pc:Coords points="467,2561 2651,2561 2651,2655 467,2655"/>
                <pc:TextEquiv conf="0.993639349937439">
                    <pc:Unicode>waren, ſind in dieſer unrein, weil in jener der Ton a die Terz von f</pc:Unicode>
                </pc:TextEquiv>
            </pc:TextLine>
            <pc:TextLine id="region_id_8_line0002">
                <pc:AlternativeImage filename="OCR-D-IMG-CLIP/OCR-D-IMG-CLIP_Marpurg_1757-047_region_id_8_region_id_8_line0002.png" comments="binarized,clipped"/>
                <pc:Coords points="469,2653 2644,2653 2644,2744 469,2744"/>
                <pc:TextEquiv conf="0.9906697273254395">
                    <pc:Unicode>war, in dieſer aber die Quinte von dem in dem Grundbaſſe ihm zuge⸗</pc:Unicode>
                </pc:TextEquiv>
            </pc:TextLine>
            <pc:TextLine id="region_id_8_line0003">
                <pc:AlternativeImage filename="OCR-D-IMG-CLIP/OCR-D-IMG-CLIP_Marpurg_1757-047_region_id_8_region_id_8_line0003.png" comments="binarized,clipped"/>
                <pc:Coords points="470,2742 470,2832 932,2827 2624,2756 2624,2742 470,2742"/>
                <pc:TextEquiv conf="0.987869918346405">
                    <pc:Unicode>hoͤrigen d iſt.</pc:Unicode>
                </pc:TextEquiv>
            </pc:TextLine>
            <pc:TextEquiv>
                <pc:Unicode>Die Terzen a: c und f: a, die in der erſtern Tonleiter rein
waren, ſind in dieſer unrein, weil in jener der Ton a die Terz von f
war, in dieſer aber die Quinte von dem in dem Grundbaſſe ihm zuge⸗
hoͤrigen d iſt.</pc:Unicode>
            </pc:TextEquiv>
        </pc:TextRegion>
        <pc:TextRegion id="region_id_9" type="heading">
            <pc:Coords points="1424,2817 1424,2918 1683,2918 1683,2817 1424,2817"/>
            <pc:TextLine id="region_id_9_line0000">
                <pc:Coords points="1442,2836 1669,2836 1669,2918 1442,2918"/>
                <pc:TextEquiv conf="0.9593586325645447">
                    <pc:Unicode>§. 63.</pc:Unicode>
                </pc:TextEquiv>
            </pc:TextLine>
            <pc:TextEquiv>
                <pc:Unicode>§. 63.</pc:Unicode>
            </pc:TextEquiv>
        </pc:TextRegion>
        <pc:TextRegion id="region_id_10" type="paragraph">
            <pc:Coords points="439,3111 439,2908 2672,2908 2662,3087 2279,3086 2269,3108 439,3111"/>
            <pc:TextLine id="region_id_10_line0000">
                <pc:AlternativeImage filename="OCR-D-IMG-CLIP/OCR-D-IMG-CLIP_Marpurg_1757-047_region_id_10_region_id_10_line0000.png" comments="binarized,clipped"/>
                <pc:Coords points="648,2908 2641,2908 2641,3012 648,3012"/>
                <pc:TextEquiv conf="0.9991250038146973">
                    <pc:Unicode>Alſo ſiehet man, daß die Tonleiter der Griechen weniger</pc:Unicode>
                </pc:TextEquiv>
            </pc:TextLine>
            <pc:TextLine id="region_id_10_line0001">
                <pc:AlternativeImage filename="OCR-D-IMG-CLIP/OCR-D-IMG-CLIP_Marpurg_1757-047_region_id_10_region_id_10_line0001.png" comments="binarized,clipped"/>
                <pc:Coords points="469,3006 469,3104 2271,3104 2642,3087 2642,3006 469,3006"/>
                <pc:TextEquiv conf="0.9953833818435669">
                    <pc:Unicode>alterirte Conſonanzen, als die unſrige enthaͤlt ), und dieſes</pc:Unicode>
                </pc:TextEquiv>
            </pc:TextLine>
            <pc:TextEquiv>
                <pc:Unicode>Alſo ſiehet man, daß die Tonleiter der Griechen weniger
alterirte Conſonanzen, als die unſrige enthaͤlt ), und dieſes</pc:Unicode>
            </pc:TextEquiv>
        </pc:TextRegion>
        <pc:TextRegion id="region_id_11" type="footer">
            <pc:Coords points="2422,3095 2422,3172 2644,3172 2644,3095 2422,3095"/>
            <pc:TextLine id="region_id_11_line0000">
                <pc:Coords points="2429,3100 2640,3100 2640,3168 2429,3168"/>
                <pc:TextEquiv conf="0.9904201030731201">
                    <pc:Unicode>koͤmmt</pc:Unicode>
                </pc:TextEquiv>
            </pc:TextLine>
            <pc:TextEquiv>
                <pc:Unicode>koͤmmt</pc:Unicode>
            </pc:TextEquiv>
        </pc:TextRegion>
        <pc:TextRegion id="region_id_12" type="footnote">
            <pc:Coords points="426,3165 426,3436 2663,3436 2663,3182 426,3165"/>
            <pc:TextLine id="region_id_12_line0000">
                <pc:Coords points="552,3191 2639,3191 2639,3260 552,3260"/>
                <pc:TextEquiv conf="0.9929111003875732">
                    <pc:Unicode>r) Weil in der Tonleiter der Griechen und d eine alterirte Quinte; hingegen in</pc:Unicode>
                </pc:TextEquiv>
            </pc:TextLine>
            <pc:TextLine id="region_id_12_line0001">
                <pc:Coords points="471,3269 2634,3269 2634,3347 471,3347"/>
                <pc:TextEquiv conf="0.9946600794792175">
                    <pc:Unicode>a die Terz von f iſt, ſo iſt zwiſchen a der unſrigen Tonleiter, wo a die Qninte</pc:Unicode>
                </pc:TextEquiv>
            </pc:TextLine>
            <pc:TextLine id="region_id_12_line0002">
                <pc:Coords points="2538,3362 2631,3362 2631,3404 2538,3404"/>
                <pc:TextEquiv conf="0.9953910708427429">
                    <pc:Unicode>von</pc:Unicode>
                </pc:TextEquiv>
            </pc:TextLine>
            <pc:TextEquiv>
                <pc:Unicode>r) Weil in der Tonleiter der Griechen und d eine alterirte Quinte; hingegen in
a die Terz von f iſt, ſo iſt zwiſchen a der unſrigen Tonleiter, wo a die Qninte
von</pc:Unicode>
            </pc:TextEquiv>
        </pc:TextRegion>
        <pc:TextRegion id="region_id_13" type="paragraph">
            <pc:Coords points="440,3183 445,3350 1536,3350 1531,3183 440,3183"/>
            <pc:TextLine id="region_id_13_line0000">
                <pc:Coords points="552,3196 1527,3196 1527,3260 552,3260"/>
                <pc:TextEquiv conf="0.9969238638877869">
                    <pc:Unicode>r Weil in der Tonleiter der Griechen</pc:Unicode>
                </pc:TextEquiv>
            </pc:TextLine>
            <pc:TextLine id="region_id_13_line0001">
                <pc:Coords points="471,3269 1527,3269 1527,3347 471,3347"/>
                <pc:TextEquiv conf="0.9981806874275208">
                    <pc:Unicode>a die Terz von f iſt, ſo iſt zwiſchen a</pc:Unicode>
                </pc:TextEquiv>
            </pc:TextLine>
            <pc:TextEquiv>
                <pc:Unicode>r Weil in der Tonleiter der Griechen
a die Terz von f iſt, ſo iſt zwiſchen a</pc:Unicode>
            </pc:TextEquiv>
        </pc:TextRegion>
        <pc:TextRegion id="region_id_14" type="paragraph">
            <pc:Coords points="1561,3183 1561,3340 2637,3340 2637,3183 1561,3183"/>
            <pc:TextLine id="region_id_14_line0000">
                <pc:Coords points="1586,3191 2637,3191 2637,3255 1586,3255"/>
                <pc:TextEquiv conf="0.9933534860610962">
                    <pc:Unicode>und d eine alterirte Quinte; hingegen in</pc:Unicode>
                </pc:TextEquiv>
            </pc:TextLine>
            <pc:TextLine id="region_id_14_line0001">
                <pc:Coords points="1584,3271 2634,3271 2634,3340 1584,3340"/>
                <pc:TextEquiv conf="0.9933037161827087">
                    <pc:Unicode>der unſrigen Tonleiter, wo a die Qninte</pc:Unicode>
                </pc:TextEquiv>
            </pc:TextLine>
            <pc:TextEquiv>
                <pc:Unicode>und d eine alterirte Quinte; hingegen in
der unſrigen Tonleiter, wo a die Qninte</pc:Unicode>
            </pc:TextEquiv>
        </pc:TextRegion>
        <pc:TextRegion id="region_id_15" type="footer">
            <pc:Coords points="2521,3416 2521,3350 2653,3350 2653,3416 2521,3416"/>
            <pc:TextLine id="region_id_15_line0000">
                <pc:Coords points="2538,3362 2631,3362 2631,3404 2538,3404"/>
                <pc:TextEquiv conf="0.9953910708427429">
                    <pc:Unicode>von</pc:Unicode>
                </pc:TextEquiv>
            </pc:TextLine>
            <pc:TextEquiv>
                <pc:Unicode>von</pc:Unicode>
            </pc:TextEquiv>
        </pc:TextRegion>
    </pc:Page>
</pc:PcGts>
