2973 3686
417 132 553 261 56
720 132 2354 255 1Buch. XVCap. Von der Vorbereitung
1363 287 1698 390 §. i2I.
411 390 2657 1124 Ueberhaupt, da die Diſſonanz ein Werk der Kunſt iſt, (Cap.
411 390 2657 1124 XI.) beſonders in den Accorden, die nicht der toniſchen Dominante
411 390 2657 1124 oder der Unterdominante zugehoren: ſo iſt kein andres Mittel uͤbrig,
411 390 2657 1124 ſolche auf eine bequeme und gefaͤllige Art in die Harmonie einzufuͤh⸗
411 390 2657 1124 ren, als daß man ſie dem Ohre vorher ankuͤndiget, das iſt, daß ſie
411 390 2657 1124 ſchon in dem vorhergehenden Accorde lieget, und vermittelſt deſſen
411 390 2657 1124 beyde Accorde an einander bindet. Hieraus entſpringet folgende
411 390 2657 1124 Regel.
1389 1117 1679 1226 §. 122.
417 1233 2631 1677 Jn jedem Septimenaccorde, der nicht einer toniſchen Dominan⸗
417 1233 2631 1677 te zugehoͤret, das iſt, (§. 102), der nicht aus einer großen, und zwoen
417 1233 2631 1677 darauf folgenden kleinen Terzen beſtehet, muß die Diſſonanz, die die⸗
417 1233 2631 1677 ſen Accord formiret, als Conſonanz in dem vorhergehenden Accorde
417 1233 2631 1677 vorhergehen.
514 1683 2135 1779 Dieſes nennet man eine Diſſonanz vorbereiten.
1376 1818 1666 1915 §. 123.
475 2114 2528 2661 1) entweder eine Secunde aufwaͤrts gehen muß, als:
475 2114 2528 2661 c, e g, c, und d, f, a, c,
475 2114 2528 2661 2) oder, daß derſelbe eine Terz abwaͤrts gehen muß, als:
475 2114 2528 2661 c, e g,c, und , c, e, g,
475 2114 2528 2661 3) oder, daß derſelbe eine Quinte abwaͤrts gehen muß, als:
475 2114 2528 2661 c, & g, c, und f, a, c, e.
411 1915 2631 3234 Hieraus folget, daß, zur Vorbereitung einer Diſſonanz, der
411 1915 2631 3234 Grundbaß nothwendig
411 1915 2631 3234 1)entweder eine Secunde aufwaͤrts gehen muß, als:
411 1915 2631 3234 c, e g, c, und d, f, a, c,
411 1915 2631 3234 2) oder, daß derſelbe eine Terz abwaͤrts gehen muß, als:
411 1915 2631 3234 c, e g,c, und , c, e, g,
411 1915 2631 3234 3) oder, daß derſelbe eine Quinte abwaͤrts gehen muß, als:
411 1915 2631 3234 c, e g c, und f, a, c, e.
411 1915 2631 3234 Jn jedem andern Falle iſt die Diſſonanz nicht vorbereitet. Dieſes
411 1915 2631 3234 kann man leicht erfahren. Wenn z. E. der Grundbaß eine Terz
411 1915 2631 3234 ſteiget, alsc, e, g,c und e,g,h,d: ſo iſt die Diſſonanz d nicht in dem
411 1915 2631 3234 Accorde c,e, g, c enthalten. Eben ſo iſt es mit c, e g, c, und g, h,
411 1915 2631 3234 d, f, ingleichen mit c, e, g, c, und h, d, f, a beſchaffen, allwo der
411 1915 2631 3234 Grundbaß eine Quinte aufwaͤrts, oder eine Secunde abwaͤrts gehet.
2341 3227 2605 3343 §. 124.
