2973 3620
806 153 2064 273 diatoniſchen Tonleiter der Griechen.
2416 188 2520 262 23
365 297 2515 673 vollkommen reine Conſonanzen mit den zu ihnen gehoͤrigen Toͤnen des
365 297 2515 673 Grundbaſſes machen; denn das d aus der Tonleiter iſt die reine
365 297 2515 673 Quinte von dem g aus dem Grundbaſſe, und das f aus der Tonlei⸗
365 297 2515 673 ter die reine Octave von dem f aus dieſem Baſſe.
1277 703 1564 802 §. 47.
360 807 2511 1337 Wenn alſo die Toͤne der Leiter nur in Anſehung der Reinigkeit
360 807 2511 1337 mit den Toͤnen aus dem Grundbaſſe vollkommen uͤbereinſtimmen: ſo
360 807 2511 1337 bekuͤmmert ſich das Ohr wenig um die Alteration, deren die Toͤne der
360 807 2511 1337 Leiter unter ſich faͤhig ſind. Neuer Beweis, daß der Grundbaß der
360 807 2511 1337 wahre Wegweiſer des Ohres, und die wahrhafte Quelle des diatoni⸗
360 807 2511 1337 ſchen Geſanges iſt.
1291 1322 1574 1421 §. 48.
350 1416 2520 2670 Noch mehr, dieſe diatoniſche Leiter enthaͤlt nur ſieben Toͤne, und
350 1416 2520 2670 ſteiget nicht bis zum obern h hinauf, welches die Octave des erſten h
350 1416 2520 2670 ſeyn wuͤrde; ein neuer beſonderer Umſtand, wovon man nach den
350 1416 2520 2670 oben feſtgeſtellten Grundſaͤtzen Rechenſchaft geben kann. Jn der
350 1416 2520 2670 That, wenn der Ton h dem a in der Leiter unmittelbar nachfolgen
350 1416 2520 2670 ſollte, ſo muͤßte der Ton g, welcher der einzige iſt, aus welchem man
350 1416 2520 2670 dieſes h hervorbringen koͤnnte, m dem Grundbaſſe unmittelbar auf f
350 1416 2520 2670 folgen, als auf den einzigen Ton, woraus man das a hervorbringen
350 1416 2520 2670 konnte. Aber die diatoniſche Folge von f zu g, kann vermoge des
350 1416 2520 2670 §. 36. nicht in dem Grundbaſſe ſtatt finden. Folglich koͤnnen die
350 1416 2520 2670 Toͤne a und h nicht unmittelbar in der Leiter auf einander folgen.
350 1416 2520 2670 Wir werden nach dieſem ſehen, warum es in der mit c anfangenden
350 1416 2520 2670 Tonleiterc defgahc nicht eben die Bewanduiß hat, als allhier
350 1416 2520 2670 mit der mit h anfangenden Tonleiter.
1321 2690 1599 2789 §. 49
340 2789 2505 3175 Um alſo die Octave vollſtaͤndig zu machen, fuͤgten die Griechen
340 2789 2505 3175 zu dem Ende unter dem erſten h den Ton a hinzu, welchen ſie von
340 2789 2505 3175 den uͤbrigen Toͤnen der Leiter unterſchieden, und Proslambanome⸗
340 2789 2505 3175 nos, das iſt ſo viel, eine vorwaͤrts zugefuͤgte Seyte nennten.
2277 3205 2495 3304 §. 50.
