2973 3660
1254 211 1752 301 Vorbereitung.
2506 237 2554 298 8
431 357 2549 444 in der Folge die Urſache davon angeben, und man kann ſich vermit⸗
429 445 2394 535 telſt der Erfahrung davon uͤberzeugen ).
1788 537 2547 616 A2 §. 7.
420 631 2542 710 a) Dieſe Erfahrung iſt leicht zu ma⸗ nicht im Kopfe zu behalten braucht.
426 708 2544 787 chen. Man ſinge die Toͤne c. d. e. f g. Wenn man auf demſelben die Taſten g. a.
428 787 2540 860 a. h. c. und man wird ſofort ohne Muͤhe h. c. angiebt, und zugleich c. d. e. f.
427 863 2543 941 bemerken, daß die halbe Tonleiter g.a. dazu anſtimmet; indem man naͤmlich den
424 942 2539 1015 h. c. der halben Tonleiter c. d. e. f. ganz Ton c in der Hoͤhe des Tons g nimmt:
425 1018 2549 1090 aͤhnlich iſt; und daß, wenn man damit ſo wird man bemerken, daß das d der
425 1098 2539 1163 zu Ende iſt, und wieder von vorne an⸗ Stimme wie das a auf dem Claviere
423 1169 1951 1241 fangen, den Ton c aber in der Hoͤhe des klinget, u. ſ. w.
422 1252 2537 1325 Tons g nehmen wollte, das d alsdenn Man wird auf eben dieſem Claviere
422 1326 2538 1398 wie a, das e wie h, und das f wiec erfahren, daß, wenn man die Tonleiter
421 1402 2539 1475 klingen wuͤrde. Hieraus folget, daß das durchſingen und dem c den Ton von e
420 1482 2537 1558 Jntervall c: d dem Jntervalle g: a; geben will, das d, welches auf c folget,
422 1556 2540 1629 und d: e dem Jntervalle a: h, und e: f ungleich hoͤher ſeyn wird, als das f, wel⸗
420 1628 2538 1699 dem Jntervalle h: c gleich iſt. ches auf e folget. Hieraus wird man
497 1710 2536 1781 Man wird ebenfalls finden, daß der ſchließen, daß das Jntervall e: f kleiner
419 1787 2535 1858 Unterſcheid zwiſchen d und e, und zwi⸗ als das Jntervall c: d iſt; und, wenn
420 1861 2537 1936 ſchen f und g, dem Unterſcheide zwiſchen man von f zu einem andern Tone z. E.
411 1939 2549 2017 c und d gleich iſt. Sich davon zu uͤber⸗ zu fis hinaufſteiget, der ſich gegen f
418 2015 2536 2091 zeugen, braucht man die Tonleiter nur eben ſo ungefaͤhr verhaͤlt, wie f gegen e:
419 2094 2535 2166 erſtlich einmal durchzuſingen, und, wenn ſo wird man finden, daß der Unterſcheid
419 2175 2538 2243 man ſolche hernach wieder von vorne an⸗ zwiſchen dem e und dieſem neuen Tone
420 2250 2535 2321 fangen will, dem c den Ton zu geben, fis dem Unterſcheide der Toͤne c: d un⸗
419 2324 2534 2392 den vorhero d hatte. Man wird als⸗ gefaͤhr gleich iſt. Folglich enthaͤlt das
416 2400 2535 2469 denn befinden, daß das d dieſes zweyte Jntervall e: f ungefaͤhr die Haͤlfte des
419 2477 1932 2543 Mal eben ſo klingen wird, als das e Jntervalls c: d.
418 2555 2535 2624 zuvor klang. Hieraus folget, daß das Weil alſo die beyden halben Tonleitern
418 2631 2216 2704 Jntervall d: e, dem Jntervalle c: d,c. d. e. f.
419 2707 2219 2784 zum wenigſten dem Gehoͤre nach, gleich iſt. g. a. h. c.
423 2784 2531 2856 Durch eben dieſen Verſuch wird man die einander vollkommen aͤhnlich, und die
422 2861 2531 2939 Toͤne f: g und ad ebenfalls unter ſich Jntervalle c: d, d: e, und f: g ein⸗
412 2943 2534 3012 gleich befinden. ander gleich ſind: ſo folget daraus, daß
500 3017 2531 3094 Dieſe Erfahrung kann demjenigen et⸗ die Jntervalle g: a, a: h annoch den
413 3093 2530 3173 was beſchwerlich ſeyn, der nicht viel zu drey Jntervallen c: d, d: e, und f: g,
413 3170 2530 3243 ſingen gewohnt iſt. Mau kann ſie aber und daß die Jntervalle e: f und h: c
421 3244 2530 3317 mit leichter Muͤhe beym Claviere ma⸗ auch einander gleich, dieſe letztern aber nur
423 3325 2530 3399 chen, als vermittelſt weſſen man die Toͤne halb ſo groß als die vorhergehenden ſind.
420 631 1456 710 2) Dieſe Erfahrung iſt leicht zu ma⸗
426 711 1451 787 chen. Man ſinge die Toͤne c. d. e. f g.
428 788 1453 854 a. h. c. und man wird ſofort ohne Muͤhe
427 869 1446 941 bemerken, daß die halbe Tonleiter g. .
424 942 1450 1015 h. c. der halben Tonleiter c. d. e. f. ganz
425 1018 1448 1090 aͤhnlich iſt; und daß, wenn man damit
425 1098 1447 1163 zu Ende iſt, und wieder von vorne an⸗
423 1169 1450 1240 fangen, den Ton c aber in der Hoͤhe des
422 1252 1448 1325 Tons g nehmen wollte, das d alsdenn
422 1326 1448 1398 wie a, das e wie h, und das f wie c
421 1402 1448 1475 klingen wuͤrde. Hieraus folget, daß das
420 1482 1447 1558 Jntervall c: d dem Jntervalle g: a;
422 1556 1460 1629 und d: e dem Jntervalle a: h, und e: f
420 1635 1196 1699 dem Jntervalle h: c gleich iſt.
497 1712 1449 1778 Man wird ebenfalls finden, daß der
419 1788 1446 1858 Unterſcheid zwiſchen d und e, und zwi⸗
420 1863 1446 1936 ſchen f und g, dem Unterſcheide zwiſchen
411 1939 1444 2017 c und d gleich iſt. Sich davon zu uͤber⸗
418 2021 1448 2091 zeugen, braucht man die Tonleiter nur
419 2097 1449 2166 erſtlich einmal durchzuſingen, und, wenn
419 2175 1447 2237 man ſolche hernach wieder von vorne an⸗
420 2250 1445 2318 fangen will, dem c den Ton zu geben,
419 2324 1444 2387 den vorhero d hatte. Man wird als⸗
416 2400 1447 2465 denn befinden, daß das d dieſes zweyte
419 2478 1445 2543 Mal eben ſo klingen wird, als das e
418 2555 1445 2624 zuvor klang. Hieraus folget, daß das
418 2631 1444 2701 Jntervall d: e, dem Jntervalle c: d,
419 2707 1446 2776 zum wenigſten dem Gehoͤre nach, gleich iſt.
423 2788 1448 2849 Durch eben dieſen Verſuch wird man die
422 2861 1446 2934 Toͤne f: g und ad ebenfalls unter ſich
412 2943 787 3009 gleich befinden.
500 3017 1450 3082 Dieſe Erfahrung kann demjenigen et⸗
413 3096 1445 3173 was beſchwerlich ſeyn, der nicht viel zu
413 3170 1448 3238 ſingen gewohnt iſt. Mau kann ſie aber
421 3244 1456 3313 mit leichter Muͤhe beym Claviere ma⸗
423 3325 1449 3399 chen, als vermittelſt weſſen man die Toͤne
1521 636 2542 702 nicht im Kopfe zu behalten braucht.
1518 708 2544 784 Wenn man auf demſelben die Taſten g. a.
1516 787 2540 860 h. c. angiebt, und zugleich c. d. e. f.
1513 863 2543 932 dazu anſtimmet; indem man naͤmlich den
1515 943 2539 1015 Ton c in der Hoͤhe des Tons g nimmt:
1511 1020 2549 1084 ſo wird man bemerken, daß das d der
1512 1098 2539 1162 Stimme wie das a auf dem Claviere
1509 1175 1951 1241 klinget, u. ſ. w.
1590 1253 2537 1313 Man wird auf eben dieſem Claviere
1513 1331 2538 1397 erfahren, daß, wenn man die Tonleiter
1510 1409 2539 1471 durchſingen und dem c den Ton von e
1510 1482 2537 1550 geben will, das d, welches auf c folget,
1510 1557 2540 1629 ungleich hoͤher ſeyn wird, als das f, wel⸗
1512 1628 2538 1699 ches auf e folget. Hieraus wird man
1511 1710 2536 1781 ſchließen, daß das Jntervall e: f kleiner
1510 1787 2535 1854 als das Jntervall c: d iſt; und, wenn
1510 1861 2537 1934 man von f zu einem andern Tone z. E.
1510 1940 2549 2014 zu fis hinaufſteiget, der ſich gegen f
1510 2015 2536 2089 eben ſo ungefaͤhr verhaͤlt, wie f gegen e:
1510 2094 2535 2164 ſo wird man finden, daß der Unterſcheid
1508 2175 2538 2243 zwiſchen dem e und dieſem neuen Tone
1510 2250 2535 2321 fis dem Unterſcheide der Toͤne c: d un⸗
1509 2324 2534 2392 gefaͤhr gleich iſt. Folglich enthaͤlt das
1510 2400 2535 2469 Jntervall e: f ungefaͤhr die Haͤlfte des
1508 2477 1932 2543 Jntervalls c: d.
1584 2557 2535 2620 Weil alſo die beyden halben Tonleitern
1798 2632 2216 2704 c. d. e. f.
1795 2709 2219 2784 g. a. h. c.
1508 2784 2531 2856 einander vollkommen aͤhnlich, und die
1510 2864 2531 2939 Jntervalle c: d, d: e, und f: g ein⸗
1513 2944 2534 3012 ander gleich ſind: ſo folget daraus, daß
1511 3020 2531 3094 die Jntervalle g: a, a: h annoch den
1509 3093 2530 3171 drey Jntervallen c: d, d: e, und f: g,
1515 3172 2530 3243 und daß die Jntervalle e: f und h: c
1514 3251 2530 3317 auch einander gleich, dieſe letztern aber nur
1511 3328 2530 3395 halb ſo groß als die vorhergehenden ſind.
