2973 3570
893 141 1990 247 Anmerkungen des Ueberſetzers
371 290 2589 3189 machet, wie folget:
371 290 2589 3189 Eine Secundenfortſchreitung in dem Grundbaſſe iſt alſo eine elliptiſche Fort⸗
371 290 2589 3189 ſchreitung.
371 290 2589 3189 Die Fortſchreitung von c zu a iſt noch entfernter, als die von c zu d, weil
371 290 2589 3189 daſelbſt zwo Quintenfortſchreitungen uͤberſprungen werden, als:
371 290 2589 3189 pt t
371 290 2589 3189 tEt
371 290 2589 3189 —
371 290 2589 3189 Die Quintenfortſchreitungen haben vor den uͤbrigen nichts mehr, als einen Grab
371 290 2589 3189 der Vollkommenheit voraus. Dieſe Grade ſind nach der Anzahl der ausgelaſ⸗
371 290 2589 3189 ſenen Fortſchreitungen leicht zu beſtimmen, und darnach iſt die Vollkommenheit
371 290 2589 3189 einer Progreßion leicht zu beurtheilen. Bey den Secundenfortſchreitungen im
371 290 2589 3189 Grundbaſſe ſind uͤbrigens die Geſetze der harmoniſchen Relation zu Rathe zu
371 290 2589 3189 ehen. 1 2 222c2e
371 290 2589 3189 (u) Dieſer Ausweichungen wegen ſind die Regeln der Modulation zu beob
371 290 2589 3189 achten. Man kann aus dem c dur in d moll gehen, und darinnen cadenziren.
371 290 2589 3189 Der Ton d dur aber kann in einem aus dem c dur gehenden Stuͤcke, nur im
371 290 2589 3189 Vorbeygehen, vermittelſt einer vorhergehenden Modulation in g dur beruhret
371 290 2589 3189 werden. Eben alſo muß man den Ton b dur, in einem aus c dur gehenden
371 290 2589 3189 Stuͤcke, nur zufaͤlliger Weiſe, vermittelſt des Tons f, beruͤhren.
371 290 2589 3189 (2) Von der Muſik der Griechen, und ihrer Benennung der Toͤne kann
371 290 2589 3189 man die hiſtor. krit. Beytraͤge, I Band 4 St. nachſehen.
371 290 2589 3189 (13) Comma iſt ein allgemeines Wort, und giebet es mehr als eine Art
371 290 2589 3189 von Commaten, wie in den Anfangsgruͤnden gelehret iſt. Das Comma 81: 80
371 290 2589 3189 wird entweder vorzuͤglicher Weiſe ein Comma, oder zum Unterſcheide der an⸗
371 290 2589 3189 dern ein ſyntoniſches Comma genennet.
495 3150 2570 3269 Einleit. in die muſic. Setzk. i
