2973 3730
998 177 2214 401 Vorbericht
875 412 2272 576 des Ueberſetzers.
829 887 2687 1036 as Werk, welches ich vermittelſt gegenwaͤrtiger Ueberſetzung
845 996 2690 1105 dem Publico zu uberreichen, mir die Freyheit nehme, iſt
872 1109 2681 1200 bereits ſeit 1752. in Frankreich mit Ruhm bekannt. Die
871 1203 2688 1315 hauptſaͤchlichſte Urſache, die den Herrn d Alembert bewogen
508 1318 2687 1423 ſelbiges zu verfertigen, war unſtreitig dieſe, weil die Weitlaͤuftigkeit der
512 1418 2686 1521 Rameauiſchen Schriften verſchiedene Liebhaber verhinderte, ſich mit
512 1527 2684 1631 dem Syſtem dieſes beruͤhmten Kuͤnſtlers bekannt zu machen. Er
510 1631 2689 1732 nahm ſich alſo die Muͤhe, aus den Werken deſſelben einen Auszug
513 1746 2686 1840 zu machen, und dieſer Auszug ermangelte nicht, ſowohl bey Ge⸗
513 1845 2690 1942 lehrten als Tonkuͤnſtlern, Beyfall zu finden. Dieſe hatten bisher
513 1950 2692 2045 die theoretiſchen Grundſaͤtze des Herrn Rameau, jene aber die pras
514 2055 2691 2161 ctiſchen Regeln deſſelben deutlich genug einzuſehen,e etwas Muͤhe
514 2175 735 2261 gehabt.
725 2269 2683 2365 Jch wuͤnſche, daß dieſes Buch in Deutſchland gleiches Gluͤck
518 2374 2683 2473 haben moͤge. Wenigſtens wird es vielen Gelehrten den ungegruͤn⸗
518 2480 2681 2572 deten Wahn benehmen, als ob ſich in der Muſik gar nichts bewei⸗
522 2578 2684 2682 ſen laſſe, und verſchiedene Tonkuͤnſtler werden vieleicht das noch irri⸗
524 2690 2682 2786 gere Vorurtheil fahren laſſen, als ob ein Mathematiker die practi⸗
526 2791 2683 2893 ſchen Regeln der Muſik nicht kunſtmaͤßig genug zu erklaͤren im Stan⸗
526 2911 1702 2999 de ſey.
732 3005 2684 3102 An gegenwaͤrtigem Werke naͤmlich hat der Philoſophe ſowohl
528 3115 2684 3211 ſeinen Antheil, als der Muſicus, und wenn gleich die Erfahrungen
529 3216 2684 3305 und Grundſaͤtze, worauf nach dem Herrn Rameau der Herr dAlem⸗
2567 3335 2688 3405 bert
