2973 3612
819 164 2059 247 diatoniſchen Tonleiter der Griechen.
2431 194 2503 256 25
380 314 2502 403 ten keine reine kleine Terz machet. Man wird auf gleiche Art be⸗
383 403 2503 489 merken, daß die Quinte d: a nicht vollkommen rein iſt, welches
386 486 2504 580 daraus klar iſt, weil zwar die große Terz f: a rein, die kleine Terz
388 581 2506 669 d: f aber nicht rein iſt; zur Bildung einer reinen Quinte aber zwo
389 667 2394 746 gleich reine Terzen, eine große und eine kleine, erfordert werden.
1339 796 1569 874 §. 53
565 901 2512 993 Hieraus folget, daß es zwar mit den Jntervallen eines jeden
389 991 2517 1079 Tetrachords fuͤr ſich in Anſehung der Reinigkeit ſeine vollkommene
392 1079 2517 1164 Richtigkeit hat, aber nicht, wenn die Jntervalle des einen Tetrachords
393 1169 2518 1256 mit denen aus dem andern verglichen werden. Eine neue Urſache
395 1250 2108 1334 die Leiter in dieſe beyde Tetrachorde zu unterſcheiden.
1338 1381 1578 1463 §. 54.
573 1490 2526 1571 Man kann es vermittelſt des Calculs beweiſen, daß in dem Te⸗
402 1576 2526 1660 trachorde h,c, d, e das Jntervall oder der ganze Ton d: e etwas
400 1662 2528 1749 kleiner, als der Tonc: d iſt, P). Ferner iſt in dem zweyten Tetra⸗
404 1749 2529 1836 chorde e, f, g, , welches ſonſt dem erſten bewieſenermaßen vollkommen
404 1836 2533 1925 aͤhnlich iſt, der Ton g: a etwas kleiner, als der Ton f: g. Dieſes
405 1922 2530 2010 iſt die Urſache, warum man den ganzen Ton in den groͤßern und kleis
411 2011 2531 2099 nern ganzen Ton unterſcheidet. Der groͤßere ganze Ton findet ſich
411 2096 2532 2192 beyc: d, und f: g, c. Der kleinere ganze Ton bey d: e und g: arc.
2248 2291 2542 2377 Sechſtes
489 2417 2538 2497 p) Die Ration von c: d iſt ; die nern ganzen Tons von dem groͤßern iſt
417 2497 2527 2576 Ration von d: e wie Hgegen , das iſt, alſo wie 80 gegen 8i. Dieſe Differenz
416 2576 2540 2654 wie 40 gegen 36, oder 10 gegen 9. Aber heißt bey den Griechen ein Comma (13)
421 2652 2540 2732 iſt weniger von der Einheit entfernt, Sie iſt dem Gehoͤre unempfindbar, aber
420 2728 2001 2798 als . Folglich iſt das Jntervall d:e doch wirklich (14)
422 2807 2542 2883 etwas kleiner, als das Jntervall c: d. Man kann merken, daß eben dieſe
501 2883 2545 2957 Will man die Proportion von gegen Differenz ſich zwiſchen der reinen harmo⸗
427 2958 2542 3034 Z wiſſen, ſo findet man, (Anmerk. d) niſchen kleinen Terz, und zwiſchen der al⸗
426 3036 2544 3115 daß ſolche wie 8 mal 10 gegen 9 mal 9 iſt, terirten kleinen Terz d: f, die bey der
427 3112 2484 3192 das iſt. wie 80: 8i. Die Differenz des klei⸗ Anmerk. m) vorgekommen, ereignet.
495 3191 1856 3271 Einleit. in die muſic. Setzk. D
489 2417 1446 2495 p) Die Ration von c:d iſt ; die
417 2497 1444 2566 Ration von d: e wie Hgegen , das iſt,
416 2577 1443 2646 wie 40 gegen 36, oder 10 gegen 9. Aber
421 2653 1443 2724 iſt weniger von der Einheit entfernt,
420 2728 1451 2796 als . Folglich iſt das Jntervall d: e
422 2807 1372 2871 etwas kleiner, als das Jntervall c: d.
501 2883 1450 2956 Will man die Proportion von gegen
427 2958 1452 3031 wiſſen, ſo findet man, (Anmerk. d)
426 3036 1455 3107 daß ſolche wie 8 mal 10 gegen 9 mal 9 iſt,
427 3114 1454 3180 das iſt, wie 80: 8i. Die Differenz des klei⸗
1500 2422 2538 2497 nern ganzen Tons von dem groͤßern iſt
1499 2500 2527 2576 alſo wie 80 gegen 8i. Dieſe Differenz
1501 2576 2540 2654 heißt bey den Griechen ein Comma (i3)
1514 2652 2540 2732 Sie iſt dem Gehoͤre unempfindbar, aber
1506 2730 2001 2792 doch wirklich (i)
1592 2810 2542 2883 Man kann merken, daß eben dieſe
1510 2885 2545 2957 Differenz ſich zwiſchen der reinen harmo⸗
1508 2963 2542 3034 niſchen kleinen Terz, und zwiſchen der al⸗
1509 3041 2544 3115 terirten kleinen Terz d: f, die bey der
1512 3112 2484 3188 Anmerk. m vorgekommen, ereignet.
495 3173 1309 3271 Einleit. in die muſic. Setzk.
1782 3191 1856 3263 D
