2973 3625
608 1388 619 1407 t
770 208 2132 297 diatoniſchen Tonleiter der heutigen Zeit.
2423 235 2509 299 29
382 333 2501 440 koͤmmt annoch von der Einfuͤhrung der Tonart g in den
383 446 867 521 Grundbaß her.
559 526 2508 612 Man ſiehet auch, daß der Werth des Tons a aus der diatoni⸗
382 614 2504 704 ſchen Tonleiter, woruͤber ſonſt die Scribenten ſo verſchiedene Mey⸗
384 705 2503 788 nungen hegen, einzig und allein von dem Grundbaſſe abhaͤngt, und daß
383 789 2506 880 ſolcher verſchieden ſeyn wird, nachdem dieſes a ein f oder d zum Baße
380 878 2180 960 haben wird.
1038 1123 2076 1250 Siebentes Capitel.
805 1245 2081 1380 Von der Temperatur.
1314 1426 1567 1508 §. 64.
377 1526 567 1746 D
574 1535 2506 1627 ie Alteration, die wir bey einigen Jntervallen der diatoniſchen
569 1619 2506 1722 Tonleiter bemerket haben, fuͤhret uns natuͤrlicher Weiſe zur
618 1708 2503 1800 Temperatur. Um davon einen deutlichen Begriff zu geben,
376 1793 2504 1884 und die Nothwendigkeit derſelben zu zeigen, wollen wir ein beſeytetes
376 1881 2500 1970 und aus verſchiedenen, und zwar zwoͤlf halbe Toͤne enthaltenden Octa⸗
374 1969 1965 2039 ven, beſtehendes Jnſtrument, z. E. ein Clavier ſetzen.
479 2038 2501 2147 Wir wollen auf dieſem Claviere eine C Seyte nehmen, und
375 2141 2499 2232 dazu die Seyte G als die Quinte im Hinaufſteigen, vollkommen
374 2229 2498 2323 rein ſtimmen. Wir gehen zu der Quinte von G, naͤmlich zu D
374 2313 2494 2401 fort, und ſtimmen die Unteroctade D dazu, um die Unterquarte von
377 2399 2496 2494 G zu haben. Wir nehmen von dieſem letztern D die Quinte A, und
375 2486 2487 2576 ſtimmen ſolche rein, gehen zur Quinte E, und zur Unteroctave E.
373 2573 2492 2663 Wennvir dieſes E gegen C halten: ſo findet es ſich, daß ſolches
374 2661 2493 2753 keine reine große Terz gegen C machet ), naͤmlich, daß der Ton E
370 2845 2487 2920 von d iſt, ſind zwo alterirte Terzen alterirte Jntervalle mehr, als in der
370 2923 2423 2995 fa und ac, und auch eine alterirte Touleiter der Griechen.
369 3003 2485 3074 Quinte a e, wie wir in dem folgendens) Das A, als Quinte von D be⸗
367 3081 2485 3152 Capitek ſehen werden. trachtet, iſt 4Z, und die Unterquarte
442 3157 2484 3232 Alſo ſind in unſerer Tonleiter zwey von dieſem A enthaͤlt aus ?, und iſt
2379 3246 2477 3305 alſo
370 2845 1400 2916 von d iſt, ſind zwo alterirte Terzen
370 2923 1400 2995 fa und a c, und auch eine alterirte
369 3003 1400 3071 Quinte a e, wie wir in dem folgenden
367 3081 905 3142 Capitek ſehen werden.
442 3157 1397 3229 Alſo ſind in unſerer Tonleiter zwey
1455 2858 2487 2931 alterirte Jntervalle mehr, als in der
1456 2929 2261 2993 Tonleiter der Griechen.
1534 3003 2485 3074 s) Das A, als Quinte von D be-
1454 3081 2485 3152 trachtet, iſt 43, und die Unterquarte
1452 3158 2484 3232 von dieſem A enthaͤlt aus , und iſt
2379 3246 2477 3305 alſo
