2973 3709
478 216 545 268 12
870 164 2226 290 1Buch. I Cap. Von Erfahrungen.
651 313 1964 433 Die beſchriebenen Seyten ſind folgende:
1092 1069 2054 1224 Dritte Erfahrung.
1439 1249 1664 1330 §. 24.
645 1333 2647 1425 Es iſt niemand, der die Aehnlichkeit zwiſchen einem Tone und
435 1429 2645 1514 ſeiner Ober⸗oder Unteroctave nicht wahrnehmen ſollte. Dieſe bey⸗
2536 1500 2643 1581 den
464 1646 2645 1720 viel als , und daß 4 eben ſo viel als andern, und folglich die Bruͤche kreuz⸗
468 1729 2643 1800 iſt. Folglich findet ſich zwiſchen weiſe multipliciren muß. Das Pro⸗
458 1808 2645 1881 und eben die Proportion, die zwiſchen duct giebet die Proportion des einen Tons
463 1885 2642 1956 und iſt, und ſolche iſt wie 10 gegen den andern, oder, welches einerley
459 1963 2635 2038 gegen 12, oder wie 5 gegen 6. Wenn iſt, die Differenz der beyden Toͤne.
457 2040 2643 2115 zween Toͤne alſo eine kleine Terz unter ſich Wenn mit den Bruͤchen 4 und auf
456 2121 2415 2196 machen, und der erſte davon durch 5 dieſe Art verfahren wird, als:
455 2200 2394 2297 vorgeſtellet wird ſo muß der andre durch 6
456 2223 2388 2398 Xc 2—
453 2335 2538 2429 nerley iſt, wenn der erſte durch 1 bemer⸗
451 2435 2631 2510 ket wird, ſo muß der andre durch be⸗ ſo legen die hervorgebrachte Zahlen 12
451 2512 2630 2590 merket werden. Die harmoniſche und to, oder, welches einerley iſt, 6 und 5,
449 2593 2628 2665 kleine Terz alſo, die ſo gar bey Erthoͤ⸗ das Verhaͤltniß eines Tons gegen den an⸗
449 2673 2627 2745 nung des klingenden Koͤrpers zwiſchen den dern, oder den Unterſcheid der beyden Toͤ⸗
449 2742 2624 2825 harmoniſchen Toͤnen des Stamm⸗ ne dar. Je weiter dieſer Unterſcheid
447 2829 2623 2908 tons e und g hervorgebracht wird, kann von der Einheit entfernet iſt, deſto
444 2908 2654 2982 durch den Bruch bezeichnet werden. groͤßer iſt das Jntervall (7).
523 2991 2622 3065 Man wird aus dieſem Exempel fehen, Auf dieſe Art vergleichet man zween
440 3071 2620 3149 daß, wenn man durch Bruͤche vorgeſtell⸗ Toͤne unter ſich, deren numeriſchen
436 3145 2620 3223 te Toͤne unter ſich vergleichen will, man Werth man weis, das iſt, deren Vor⸗
435 3224 2618 3311 den Zaͤhler des einen mit dem Nenner des ſtellung in Ziefern bekannt iſt. Laßt uns
464 1649 1520 1719 viel als , und daß 4 eben ſo viel als
468 1729 1519 1800 iſt. Folglich findet ſich zwiſchen
458 1809 1525 1877 und Z eben die Proportion, die zwiſchen
463 1885 1519 1955 und iſt, und ſolche iſt wie 10
459 1965 1518 2034 gegen 12, oder wie 5 gegen 6. Wenn
457 2044 1519 2115 zween Toͤne alſo eine kleine Terz unter ſich
456 2121 1512 2193 machen, und der erſte davon durch 5
455 2200 1510 2269 vorgeſtellet wird: ſo muß der andre durch
456 2281 1511 2347 6 vorgeſtellet werden; oder, welches ei⸗
453 2358 1511 2425 nerley iſt, wenn der erſte durch 1 bemer⸗
451 2439 1508 2510 ket wird, ſo muß der andre durch 4 be⸗
451 2512 1508 2582 merket werden. Die harmoniſche
449 2593 1507 2665 kleine Terz alſo, die ſo gar bey Erthoͤ⸗
449 2673 1507 2745 nung des klingenden Koͤrpers zwiſchen den
449 2742 1505 2825 harmoniſchen Toͤnen des Stamm⸗
447 2831 1504 2908 tons e und g hervorgebracht wird, kann
444 2910 1419 2982 durch den Bruch bezeichnet werden.
523 2996 1501 3065 Man wird aus dieſem Exempel fehen,
440 3074 1501 3149 daß, wenn man durch Bruͤche vorgeſtell⸗
436 3154 1500 3223 te Toͤne unter ſich vergleichen will, man
435 3231 1501 3311 den Zaͤhler des einen mit dem Nenner des
1585 1646 2645 1720 andern, und folglich die Bruͤche kreuz⸗
1585 1729 2643 1799 weiſe multipliciren muß. Das Pro⸗
1583 1808 2645 1881 duct giebet die Proportion des einen Tons
1583 1888 2642 1956 gegen den andern, oder, welches einerley
1585 1963 2635 2038 iſt, die Differenz der beyden Toͤne.
1584 2040 2643 2113 Wenn mit den Bruͤchen und auf
1579 2124 2415 2196 dieſe Art verfahren wird, als:
1574 2435 2631 2506 ſo legen die hervorgebrachte Zahlen 12
1574 2514 2630 2590 und 1o, oder, welches einerley iſt, 6 und 5,
1571 2594 2628 2662 das Verhaͤltniß eines Tons gegen den an⸗
1572 2674 2627 2745 dern, oder den Unterſcheid der beyden Toͤ⸗
1572 2754 2624 2822 ne dar. Je weiter dieſer Unterſcheid
1570 2829 2623 2902 von der Einheit entfernet iſt, deſto
1571 2908 2654 2979 aroͤſer iſt das Jntervall (7).
1652 2991 2622 3057 Auf dieſe Art vergleichet man zween
1568 3071 2620 3139 Toͤne unter ſich, deren numeriſchen
1570 3145 2620 3216 Werth man weis, das iſt, deren Vor⸗
1566 3224 2618 3311 ſtellung in Ziefern bekannt iſt. Laßt uns
2536 3320 2617 3363 an⸗
