2973 3698
463 176 547 243 4
1068 157 2052 253 IBuch. V. Cap. Von der
1420 312 1668 394 §. 50.
491 410 2635 509 Die diatoniſche Leiter h, c, d, e, f, g, a beſteht aus zweyen Te⸗
468 500 2642 590 trachorden, das iſt, aus zwoen halben diatoniſchen Leitern, von vier
470 589 2642 682 Toͤnen eine jede, h, c, d, e, und e, f, g, a. Dieſe Tetrachorde ſind
468 683 2638 772 einander vollkommen gleich. Denn von dem e zu f iſt eben ſo vieler
471 769 2637 862 Raum, als von h zuc; von f zu g eben ſo weit, als von c zu d; und
470 862 2643 956 von g zu a eben ſo weit, als von d zu e). Die Griechen unterſchieden
473 954 2641 1043 alſo zwar ihre Leiter in zwey Tetrachorde; ſie vereinigten aber auch ſolche
473 1042 2640 1131 durch den gemeinſchaftlichen Ton e; und daher nennten ſie ſelbige
475 1129 1823 1218 verbundene Tetrachorde.
1448 1230 1673 1310 §. 51.
656 1329 2641 1417 Noch mehr, wenn man zween Toͤne, aus jedem Tetrachorde
480 1421 2642 1511 fuͤr ſich, betrachtet: ſo trifft man allezeit reine Jntervalle an. So ſind die
482 1507 2645 1602 Jntervalle c: e und h: d aus dem erſten Tetrachorde, und
481 1601 2649 1685 wovon das erſte eine große Terz, das zweyte aber eine kleine iſt,
482 1688 2648 1772 vollkommen rein, ſo gut wie die Quarte h: e ). Gleiche Be⸗
484 1773 2650 1867 wandniß hat es mit den Toͤnen f: a, e: g und e: a aus dem zwey⸗
486 1873 1045 1955 ten Tetrachorde.
1459 1994 1693 2074 §. 52.
663 2090 2653 2177 Aber nicht eben ſo verhaͤlt es ſich, wenn man die Toͤne der bey⸗
485 2182 2651 2269 den Tetrachorde unter ſich vergleichet; denn wir haben ſchon geſehen,
490 2270 2656 2370 daß der Ton d aus dem erſten Tetrachorde mit dem f aus dem zwey⸗
2562 2373 2657 2429 ten
567 2472 2656 2553 n) Die Ration der Toͤne h: c iſt wie die Ration f: a wie gegen , das iſt,
490 2557 2330 2640 gegen 1, das iſt, wie 15 zu 16; die wie 5gegen 4. Folglich ꝛc.
493 2632 2656 2716 Ration e: f iſt wie gegen , das iſt, o) Das Jntervall c: e iſt wie ge⸗
497 2715 2657 2798 (Anmerk. d) wie 5 mal 3 gegen 4 mal 4, gen 1 oder wie 5: 4, und alſo eine reine
497 2790 2657 2873 oder wie 15 zu 16. Dieſe beyden Ver⸗ große Terz. Die Ration h: d iſt wie
497 2870 2659 2956 haͤltniſſe ſind alſo einander gleich. Fer⸗ gegen 4, das iſt, wie 9 mal 16 gegen 15
501 2952 2659 3029 ner iſt die Ration von c: d wie 1 gegen mal 8, aber wie 9 mal 2 gegen 15, das
501 3030 2660 3120 Z, oder wie 8 zu 9; die Ration von f:g iſt, wie 6: 5. Man findet ferner, daß
499 3106 2660 3194 wie gegen , das iſt (Anmerk. d) die Ration h: e wie gegen 4, das iſt,
499 3188 2662 3271 wie 8 gegen 9. Die Ration von c:e wie 5 mal 16 gegen 15 mal 4, oder wie
501 3266 2660 3351 iſt wie gegen 1, oder wie 5 gegen 43 4 zu 3 iſt, welches eine reine Quarte giebet.
567 2476 1538 2553 n) Die Ration der Toͤne h: c iſt wie
490 2558 1540 2640 gegen 1, das iſt, wie 15 zu 16; die
493 2633 1542 2716 Ration e: f iſt wie gegen , das iſt,
497 2716 1543 2798 (Anmerk. d) wie 5 mal 3 gegen 4 mal 4,
497 2797 1543 2873 oder wie 15 zu 16. Dieſe beyden Ver⸗
497 2876 1544 2956 haͤltniſſe ſind alſo einander gleich. Fer⸗
501 2955 1544 3029 ner iſt die Ration von c: d wie 1gegen
501 3030 1542 3120 Z, oder wie 8 zu 9; die Ration von f: g
499 3107 1555 3194 wie gegen , das iſt (Anmerk. d)
499 3197 1548 3271 wie 8 gegen 9. Die Ration von c: e
501 3275 1551 3351 iſt wie gegen 1, oder wie 5 gegen 45
1599 2472 2656 2552 die Ration f: a wie gegen , das iſt,
1603 2557 2330 2616 wie 5 gegen 4. Folglich ꝛc.
1684 2632 2656 2702 o) Das Jntervall c: e iſt wie ge⸗
1605 2715 2657 2785 gen I oder wie 5: 4, und alſo eine reine
1598 2790 2657 2862 große Terz. Die Ration h: d iſt wie
1608 2870 2659 2940 gegen , das iſt, wie 9 mal 16 gegen 15
1608 2952 2659 3021 mal 8, aber wie 9 mal 2 gegen 15, das
1611 3030 2660 3102 iſt, wie 6: 5. Man findet ferner, daß
1609 3106 2660 3177 die Ration h: e wie gegen HY, das iſt,
1612 3188 2662 3256 wie 5 mal 16 gegen 15 mal 4, oder wie
1610 3266 2660 3340 4 zu 3 iſt, welches eine reine Quarte giebet.
