2973 3693
428 203 596 301 104
905 178 2207 307 IBuch. Xi Cap. Was es heißt:
435 474 2646 900 Zwoͤlfes Capitel.
435 474 2646 900 Was es heißt: in einem Tone ſeyn, oder aus
435 474 2646 900 einem Tone gehen.
1402 913 1698 1022 §. 23i.
428 1029 726 1293 W
420 1030 2686 1945 ir haben in dem I. Buche dieſes Werks gezeiget, wie man ver⸗
420 1030 2686 1945 mittelſt der Note c, und deren Ober⸗ und Unterquinte g
420 1030 2686 1945 und f, die Leiter c, d, e, f, g, a, h, c, erfindet.
420 1030 2686 1945 Die verſchiedenen Toͤne, woraus dieſe Leiter beſtehet, machen die ſo⸗
420 1030 2686 1945 genannte harte oder große Tonart aus, weil die Terz e von c groß
420 1030 2686 1945 iſt. Wenn alſo ein Geſang aus der großen Tonart c, oder aus c dur
420 1030 2686 1945 gehen ſoll: ſo muͤſſen keine andre Toͤne, als welche in dieſer Leiter
420 1030 2686 1945 enthalten ſind, in dem Geſange vorkommen. Wenn ſich alſo ein fis
420 1030 2686 1945 darinnen zeiget: ſo iſt ſolches ein Merkmal, daß ich nicht in dem To⸗
420 1030 2686 1945 ne c, oder wenigſtens, daß ich nicht mehr darinnen bin.
1402 1970 1712 2073 §. 232.
455 2093 2686 2435 Wenn ich ferner, nach Anleitung vorhergehender c Leiter, die
455 2093 2686 2435 folgende formire: a, h, cis, d, e, ſis, gis, a: ſo wird dieſe
455 2093 2686 2435 Leiter, worinnen ſich die große Terz cis gegen den Hauptton a befin⸗
455 2093 2686 2435 det, die aroße Tonart von , oder g dur ausmachen; und wenn ich
2569 2442 2664 2531 in
457 2503 2686 3363 r i v nruue
457 2503 2686 3363 ¶ f die Septime reſolviret oder nicht. Jn
457 2503 2686 3363 dem letztern Falle namlich wie hier,
457 2503 2686 3363 Graa · t] ded an ibren Grundbas n dr s
457 2503 2686 3363 us. f dd vi diai.
457 2503 2686 3363 end· ſff
457 2503 2686 3363 s l
1589 2569 2652 3027 Dieſes iſt ebenfalls daraus zu erkennen, ob
1589 2569 2652 3027 die Septime reſolviret oder nicht. Jn
1589 2569 2652 3027 dem letztern Falle naͤmlich, wie hier,
1589 2569 2652 3027 findet man ihren Grundbaß in der mit 6
1589 2569 2652 3027 und 5 bezifferten Oberterz.
