<pc:PcGts xmlns:pc="http://schema.primaresearch.org/PAGE/gts/pagecontent/2019-07-15" xmlns:xsi="http://www.w3.org/2001/XMLSchema-instance" xsi:schemaLocation="http://schema.primaresearch.org/PAGE/gts/pagecontent/2019-07-15 http://schema.primaresearch.org/PAGE/gts/pagecontent/2019-07-15/pagecontent.xsd">
    <pc:Metadata>
        <pc:Creator>OCR-D/core 2.4.4</pc:Creator>
        <pc:Created>2021-01-10T21:41:35</pc:Created>
        <pc:LastChange>2021-01-10T21:41:35</pc:LastChange>
        <pc:MetadataItem type="processingStep" name="preprocessing/optimization/binarization" value="ocrd-olena-binarize">
            <pc:Labels>
                <pc:Label value="sauvola" type="impl"/>
                <pc:Label value="0.34" type="k"/>
                <pc:Label value="101" type="win-size"/>
            </pc:Labels>
        </pc:MetadataItem>
        <pc:MetadataItem type="processingStep" name="preprocessing/optimization/cropping" value="ocrd-anybaseocr-crop">
            <pc:Labels>
                <pc:Label value="True" type="force"/>
                <pc:Label value="0.04" type="colSeparator"/>
                <pc:Label value="0.3" type="maxRularArea"/>
                <pc:Label value="0.05" type="minArea"/>
                <pc:Label value="0.01" type="minRularArea"/>
                <pc:Label value="0.75" type="positionBelow"/>
                <pc:Label value="0.4" type="positionLeft"/>
                <pc:Label value="0.6" type="positionRight"/>
                <pc:Label value="10.0" type="rularRatioMax"/>
                <pc:Label value="3.0" type="rularRatioMin"/>
                <pc:Label value="0.95" type="rularWidth"/>
                <pc:Label value="page" type="operation_level"/>
            </pc:Labels>
        </pc:MetadataItem>
        <pc:MetadataItem type="processingStep" name="layout/segmentation/region" value="ocrd-tesserocr-segment-region">
            <pc:Labels externalModel="ocrd-tool" externalId="parameters">
                <pc:Label value="-1" type="dpi"/>
                <pc:Label value="True" type="overwrite_regions"/>
                <pc:Label value="0" type="padding"/>
                <pc:Label value="False" type="crop_polygons"/>
                <pc:Label value="True" type="find_tables"/>
                <pc:Label value="False" type="sparse_text"/>
            </pc:Labels>
        </pc:MetadataItem>
        <pc:MetadataItem type="processingStep" name="layout/segmentation/line" value="ocrd-tesserocr-segment-line">
            <pc:Labels externalModel="ocrd-tool" externalId="parameters">
                <pc:Label value="-1" type="dpi"/>
                <pc:Label value="True" type="overwrite_lines"/>
            </pc:Labels>
        </pc:MetadataItem>
        <pc:MetadataItem type="processingStep" name="layout/segmentation/region" value="ocrd-cis-ocropy-clip">
            <pc:Labels externalModel="ocrd-tool" externalId="parameters">
                <pc:Label value="line" type="level-of-operation"/>
                <pc:Label value="-1" type="dpi"/>
                <pc:Label value="0.7" type="min_fraction"/>
            </pc:Labels>
        </pc:MetadataItem>
        <pc:MetadataItem type="processingStep" name="recognition/text-recognition" value="ocrd-calamari-recognize">
            <pc:Labels externalModel="ocrd-tool" externalId="parameters">
                <pc:Label value="/data/models/calamari/GT4HistOCR/*.ckpt.json" type="checkpoint"/>
                <pc:Label value="confidence_voter_default_ctc" type="voter"/>
                <pc:Label value="line" type="textequiv_level"/>
                <pc:Label value="0.001" type="glyph_conf_cutoff"/>
            </pc:Labels>
        </pc:MetadataItem>
    </pc:Metadata>
    <pc:Page imageFilename="OCR-D-IMG/Marpurg_1757-094.png" imageWidth="2973" imageHeight="3641" type="content">
        <pc:AlternativeImage filename="OCR-D-IMG-BIN/OCR-D-BIN_Marpurg_1757-094-BIN_sauvola.png" comments="binarized"/>
        <pc:AlternativeImage filename="OCR-D-IMG-CROP/OCR-D-IMG-CROP_Marpurg_1757-094.png" comments="binarized,cropped"/>
        <pc:Border>
            <pc:Coords points="353,67 2505,67 2505,3250 353,3250"/>
        </pc:Border>
        <pc:ReadingOrder>
            <pc:OrderedGroup id="reading-order">
                <pc:RegionRefIndexed index="0" regionRef="region_id_0"/><pc:RegionRefIndexed index="1" regionRef="region_id_1"/><pc:RegionRefIndexed index="2" regionRef="region_id_2"/><pc:RegionRefIndexed index="3" regionRef="region_id_3"/><pc:RegionRefIndexed index="4" regionRef="region_id_4"/><pc:RegionRefIndexed index="5" regionRef="region_id_5"/><pc:RegionRefIndexed index="6" regionRef="region_id_6"/><pc:RegionRefIndexed index="7" regionRef="region_id_7"/><pc:RegionRefIndexed index="8" regionRef="region_id_8"/><pc:RegionRefIndexed index="9" regionRef="region_id_9"/><pc:RegionRefIndexed index="10" regionRef="region_id_10"/><pc:RegionRefIndexed index="11" regionRef="region_id_11"/><pc:RegionRefIndexed index="12" regionRef="region_id_12"/><pc:RegionRefIndexed index="13" regionRef="region_id_13"/><pc:RegionRefIndexed index="14" regionRef="region_id_14"/></pc:OrderedGroup>
        </pc:ReadingOrder>
        <pc:TextRegion id="region_id_0" type="header"><pc:Coords points="958,143 958,264 1880,264 1880,143 958,143"/><pc:TextLine id="region_id_0_line0000"><pc:Coords points="958,143 958,264 1880,264 1880,143 958,143"/><pc:TextEquiv conf="0.9996719360351562"><pc:Unicode>verſchiedener Jntervalle.</pc:Unicode></pc:TextEquiv></pc:TextLine><pc:TextEquiv><pc:Unicode>verſchiedener Jntervalle.</pc:Unicode></pc:TextEquiv></pc:TextRegion><pc:TextRegion id="region_id_1" type="page-number"><pc:Coords points="2401,156 2401,264 2515,264 2515,156 2401,156"/><pc:TextLine id="region_id_1_line0000"><pc:Coords points="2401,156 2401,264 2515,264 2515,156 2401,156"/><pc:TextEquiv conf="0.9009675979614258"><pc:Unicode>75</pc:Unicode></pc:TextEquiv></pc:TextLine><pc:TextEquiv><pc:Unicode>75</pc:Unicode></pc:TextEquiv></pc:TextRegion><pc:TableRegion id="region_id_2"><pc:Coords points="310,309 310,620 2528,620 2528,309 310,309"/><pc:TextEquiv><pc:Unicode/></pc:TextEquiv></pc:TableRegion><pc:TableRegion id="region_id_3"><pc:Coords points="329,645 329,963 2394,963 2394,645 329,645"/><pc:TextEquiv><pc:Unicode/></pc:TextEquiv></pc:TableRegion><pc:TableRegion id="region_id_4"><pc:Coords points="341,982 341,1294 2483,1294 2483,982 341,982"/><pc:TextEquiv><pc:Unicode/></pc:TextEquiv></pc:TableRegion><pc:TextRegion id="region_id_5" type="heading"><pc:Coords points="1263,1332 1263,1427 1574,1427 1574,1332 1263,1332"/><pc:TextLine id="region_id_5_line0000"><pc:Coords points="1263,1332 1263,1427 1574,1427 1574,1332 1263,1332"/><pc:TextEquiv conf="0.965639054775238"><pc:Unicode>§. 169.</pc:Unicode></pc:TextEquiv></pc:TextLine><pc:TextEquiv><pc:Unicode>§. 169.</pc:Unicode></pc:TextEquiv></pc:TextRegion><pc:TextRegion id="region_id_6" type="paragraph"><pc:Coords points="335,1465 335,1707 2547,1707 2535,1434 335,1465"/><pc:TextLine id="region_id_6_line0000"><pc:Coords points="335,1465 335,1707 2547,1707 2535,1434 335,1465"/><pc:TextEquiv conf="0.9938564896583557"><pc:Unicode>Wir werden uns dieſer Ausdruͤcke alſo ohne Unterſcheid bedie⸗</pc:Unicode></pc:TextEquiv></pc:TextLine><pc:TextLine id="region_id_6_line0001"><pc:Coords points="335,1465 335,1707 2547,1707 2535,1434 335,1465"/><pc:TextEquiv conf="0.9891260862350464"><pc:Unicode>nen, und wird es einerley ſeyn, ob wir ſagen: eine Quarte aufwaͤrts,</pc:Unicode></pc:TextEquiv></pc:TextLine><pc:TextLine id="region_id_6_line0002"><pc:Coords points="335,1465 335,1707 2547,1707 2535,1434 335,1465"/><pc:TextEquiv conf="0.9994174838066101"><pc:Unicode>oder eine Quinte abwaͤrts gehen.</pc:Unicode></pc:TextEquiv></pc:TextLine><pc:TextEquiv><pc:Unicode>Wir werden uns dieſer Ausdruͤcke alſo ohne Unterſcheid bedie⸗
nen, und wird es einerley ſeyn, ob wir ſagen: eine Quarte aufwaͤrts,
oder eine Quinte abwaͤrts gehen.</pc:Unicode></pc:TextEquiv></pc:TextRegion><pc:SeparatorRegion id="region_id_7"><pc:Coords points="322,1751 332,1848 2515,1828 2515,1751 322,1751"/><pc:TextEquiv><pc:Unicode/></pc:TextEquiv></pc:SeparatorRegion><pc:TextRegion id="region_id_8" type="heading"><pc:Coords points="341,1898 341,2282 2507,2282 2507,1898 341,1898"/><pc:TextLine id="region_id_8_line0000"><pc:Coords points="341,1898 341,2282 2507,2282 2507,1898 341,1898"/><pc:TextEquiv conf="0.990164041519165"><pc:Unicode>Drittes Capitel.</pc:Unicode></pc:TextEquiv></pc:TextLine><pc:TextLine id="region_id_8_line0001"><pc:Coords points="341,1898 341,2282 2507,2282 2507,1898 341,1898"/><pc:TextEquiv conf="0.9991206526756287"><pc:Unicode>Von den verſchiedenen Schluͤſſeln, dem Werthe</pc:Unicode></pc:TextEquiv></pc:TextLine><pc:TextLine id="region_id_8_line0002"><pc:Coords points="341,1898 341,2282 2507,2282 2507,1898 341,1898"/><pc:TextEquiv conf="0.9948771595954895"><pc:Unicode>der Noten, dem Tacte und der Ruͤckung.</pc:Unicode></pc:TextEquiv></pc:TextLine><pc:TextEquiv><pc:Unicode>Drittes Capitel.
Von den verſchiedenen Schluͤſſeln, dem Werthe
der Noten, dem Tacte und der Ruͤckung.</pc:Unicode></pc:TextEquiv></pc:TextRegion><pc:TextRegion id="region_id_9" type="heading"><pc:Coords points="1313,2326 1313,2412 1575,2412 1575,2326 1313,2326"/><pc:TextLine id="region_id_9_line0000"><pc:Coords points="1313,2326 1313,2412 1575,2412 1575,2326 1313,2326"/><pc:TextEquiv conf="0.9836935997009277"><pc:Unicode>§. 170.</pc:Unicode></pc:TextEquiv></pc:TextLine><pc:TextEquiv><pc:Unicode>§. 170.</pc:Unicode></pc:TextEquiv></pc:TextRegion><pc:TextRegion id="region_id_10" type="drop-capital"><pc:Coords points="338,2329 338,2574 537,2574 537,2329 338,2329"/><pc:TextLine id="region_id_10_line0000"><pc:Coords points="338,2329 338,2574 537,2574 537,2329 338,2329"/><pc:TextEquiv conf="0.9910269975662231"><pc:Unicode>E</pc:Unicode></pc:TextEquiv></pc:TextLine><pc:TextEquiv><pc:Unicode>E</pc:Unicode></pc:TextEquiv></pc:TextRegion><pc:TextRegion id="region_id_11" type="paragraph"><pc:Coords points="543,2452 541,2545 1844,2525 1847,2439 543,2452"/><pc:TextLine id="region_id_11_line0000"><pc:Coords points="543,2452 541,2545 1844,2525 1847,2439 543,2452"/><pc:TextEquiv conf="0.9955461621284485"><pc:Unicode>s giebt dreyerley Schluͤſſel in der Muſik:</pc:Unicode></pc:TextEquiv></pc:TextLine><pc:TextEquiv><pc:Unicode>s giebt dreyerley Schluͤſſel in der Muſik:</pc:Unicode></pc:TextEquiv></pc:TextRegion><pc:TableRegion id="region_id_12"><pc:Coords points="543,2584 543,2969 1535,2969 1536,2571 543,2584"/><pc:TextEquiv><pc:Unicode/></pc:TextEquiv></pc:TableRegion><pc:TextRegion id="region_id_13" type="paragraph"><pc:Coords points="354,2989 351,3182 1821,3149 2312,3119 2508,3069 2517,2989 354,2989"/><pc:TextLine id="region_id_13_line0000"><pc:Coords points="354,2989 351,3182 1821,3149 2312,3119 2508,3069 2517,2989 354,2989"/><pc:TextEquiv conf="0.9945030212402344"><pc:Unicode>Der F Schluͤſſel wird entweder auf die dritte oder vierte Linie</pc:Unicode></pc:TextEquiv></pc:TextLine><pc:TextLine id="region_id_13_line0001"><pc:Coords points="354,2989 351,3182 1821,3149 2312,3119 2508,3069 2517,2989 354,2989"/><pc:TextEquiv conf="0.9871469140052795"><pc:Unicode>geſetzet, und die Liie, worauf er ſtehet, heißt f.</pc:Unicode></pc:TextEquiv></pc:TextLine><pc:TextEquiv><pc:Unicode>Der F Schluͤſſel wird entweder auf die dritte oder vierte Linie
geſetzet, und die Linie, worauf er ſtehet, heißt f.</pc:Unicode></pc:TextEquiv></pc:TextRegion><pc:TextRegion id="region_id_14" type="footer"><pc:Coords points="1505,3175 1509,3245 2511,3245 2518,3162 1505,3175"/><pc:TextLine id="region_id_14_line0000"><pc:Coords points="1505,3175 1509,3245 2511,3245 2518,3162 1505,3175"/><pc:TextEquiv conf="0.9760186672210693"><pc:Unicode>K2 Der</pc:Unicode></pc:TextEquiv></pc:TextLine><pc:TextEquiv><pc:Unicode>K2 Der</pc:Unicode></pc:TextEquiv></pc:TextRegion></pc:Page>
</pc:PcGts>