2973 3718
485 211 532 277 4
1327 193 1831 289 Vorbereitung.
1443 345 1668 428 §. 7.
639 454 2656 556 Es werden aus dieſer Urſache die Jntervalle e: f und h: t
492 535 2658 643 halbe Toͤne; die Jntervalle aber c: d, d: e, f: g, g:a und a: h
491 625 2658 737 ganze Toͤne genennet. Ein ganzer Ton heißt ſonſt eine große
494 717 2536 807 Secunde, und ein halber Ton eine kleine Secunde.
1472 862 1675 944 §. 8.
486 969 2656 1068 Jn diatoniſcher Ordnung von einem Tone zum andern fort⸗
490 1063 2657 1162 gehen, ſteigend oder fallend, heißt ſo viel, als durch ganze und halbe
487 1151 2246 1244 Toͤne, oder mit großen und kleinen Secunden fortgehen.
1185 1403 1961 1520 Zweytes Capitel.
487 1521 2654 1676 Namen, womit man die verſchiedenen Jnter⸗
735 1675 2134 1774 .valle der Tonleiter bemerket.
1478 1839 1683 1948 s. 9.
670 1928 2656 2020 in Jntervall, welches aus einem ganzen und halben Tone be⸗
657 2006 2472 2124 ſteht/ z. E. e: g a::c, oder d: f, heißt eine kleine Terz.
829 2104 2654 2212 Ein Jntervall, welches aus zweenen ganzen Toͤnen beſteht,
483 2194 2639 2294 z. E. c: e f: a, oder g: h, heißt eine große Terz.
510 2298 2653 2384 Ein Jntervall, welches aus zweenen ganzen und einem halben Tone
480 2369 2495 2466 beſteht, z. E. c: f, oder g: c, heißt eine Quarte.
551 2448 2652 2566 Ein Jntervall, welches aus drey ganzen Toͤnen beſteht, als f: h,
480 2550 2103 2635 heißt ein Triton, oder eine ubermaßige Quarte.
663 2643 2651 2739 Ein Jntervall, welches aus drey ganzen und einem halben Tone
483 2726 2287 2830 beſteht, als c: g, f: c, d: a oder e: h, heißt eine Quinte.
489 2812 2649 2915 Ein Jntervall, welches aus drey ganzen und zweenen halben Toͤ⸗
483 2910 1913 2994 nen beſteht, als e: c, heißt eine kleine Sexte.
662 2999 2649 3093 Ein Jntervall, welches aus vier ganzen und einem halben Tone
478 3087 2607 3175 beſteht, als c: a, heißt eine große Sexte.
655 3179 2645 3278 Ein Jntervall, welches aus vier ganzen und zweenen halben Toͤnen
478 3263 2522 3348 beſteht, als d: c heißzt eine kleine Septiume.
2522 3368 2642 3440 Ein
