2973 3712
436 172 572 282 48
948 146 2101 269 1Buch. XII Cap. Von dem
429 308 2658 516 Man kann die Aehnlichkeit zwiſchen der Harmonie der beyden
429 308 2658 516 Quinten g und f allhier bemerken.
1408 516 1706 633 §. 98.
442 619 2678 1086 So wie der Accord der Oberquinte g aus folgenden aufſteigen⸗
442 619 2678 1086 den Terzen beſtehet, g, h,d, f: ſo wird man finden, daß, wenn man
442 619 2678 1086 von dem Stammtone c Terzenweiſe herunterſteiget, als c, a, f, d, die
442 619 2678 1086 ſe Toͤne eben diejenigen ſind, die den der Unterquinte f gegebenen Ac⸗
442 619 2678 1086 cord f, a, c, d ausmachen.
1401 1079 1686 1170 §. 99.
449 1176 2684 1552 Man wird annoch bemerken, daß die Veraͤnderung der Harmo⸗
449 1176 2684 1552 nie der beyden Quinten in nichts weiter, als der kleinen Terz d, f
449 1176 2684 1552 beſtehet, als welche auf beyden Seyten der Harmonie dieſer beyden
449 1176 2684 1552 Quinten hinzugefuͤget worden.
520 1688 2606 1999 Zwoͤlftes Capitel.
520 1688 2606 1999 Von dem Doppelgebrauche der Diſſonanz.
1408 2012 1719 2116 §. 100.
455 2129 676 2382 A
449 2122 2665 2667 is der Uebereinſtimmung der Toͤne mit ihren Octaven iſt klar,
449 2122 2665 2667 daß der Accord f, a, c, d mit dem Accorde d, f, a, c im Grun⸗
449 2122 2665 2667 de einerley iſt, und, daß der Accord d, f, a, c, ruͤckwaͤrts be⸗
449 2122 2665 2667 trachtet, nichts anders, als der umgekehrte Accord c, a, f, d iſt, wel⸗
449 2122 2665 2667 chen man (§. 98.) durch terzenweiſe Herunterſteigung von dem
449 2122 2665 2667 Stammtone c gefunden hat.
1447 2641 1693 2751 §. 10.
455 2757 2671 3302 Der Accord d, f, a, c iſt ein den Toͤnen g, h, d, f aͤhnlicher
455 2757 2671 3302 Septimenaccord, mit dieſem bloßen Unterſcheide, daß in dieſem die
455 2757 2671 3302 große Terz g h, und in jenem die kleine Terz d, f vorhanden iſt.
455 2757 2671 3302 Wenn das f in fis verwandelt wuͤrde, ſo wuͤrde der Accord d, fis, a, c
455 2757 2671 3302 ein wahrhafter Accord der Dominante und dem Satze g, h, d, f
455 2757 2671 3302 durchaus aͤhnlich ſeyn; und, wie man von der Dominante g auf das c
2509 3302 2658 3392 im
