2973 3596
782 186 2119 286 in einem. gegebenen Geſange zu finden.
2396 204 2540 292 113
368 317 2527 612 Wenn man einmal, vermittelſt der angezeigten verſchiedenen
368 317 2527 612 Mittel, des Tons gewiß iſt: ſo wird es mit dem Grundbaſſe wenig
368 317 2527 612 Schwierigkeit ſetzen.
569 619 2214 713 Denn in jedem Tone giebet es drey Hanpttoͤne, als:
444 719 2578 2602 1) Die toniſche Note, oder die Klang⸗ oder Endigungsſeyte,
444 719 2578 2602 die allezeit den vollkommenen, harten oder weichen harmoniſchen
444 719 2578 2602 Dreyklang hat, nach Beſchaffenheit der Tonart.
444 719 2578 2602 Durton. C, e g,c.
444 719 2578 2602 Mollton. A,c,e, a.
444 719 2578 2602 2) Die toniſche Dominante, welche die Oberquinte von der to⸗
444 719 2578 2602 niſchen Note iſt, und welche, es ſey in der harten oder weichen
444 719 2578 2602 Tonart, allezeit einen, aus der großen Terz, reinen Quinte und
444 719 2578 2602 kleinen Septime beſtehenden Septimenaccord hat.
444 719 2578 2602 Toniſche Dominante.
444 719 2578 2602 in c dur. g, h, d, f.
444 719 2578 2602 Toniſche Dominante.
444 719 2578 2602 in a moll. e, gis, h, d.
444 719 2578 2602 3) Die Unterdominante, welche die Unterquinte von der toni⸗
444 719 2578 2602 ſchen Note iſt, und die einen Sextquintenaccord hat.
444 719 2578 2602 Unterdominante.
444 719 2578 2602 in e dur. f, a, c, d.
444 719 2578 2602 in a moll. d, f, a, h.
381 2627 2521 3148 Dieſe drey Tone, die toniſche Note, toniſche Dominante und
381 2627 2521 3148 Unterdominante, enthalten in ihren Accorden alle Toͤne, die zur Lei⸗
381 2627 2521 3148 ter eines Tons gehoͤren, und kann man folglich beynahe allezeit leicht
381 2627 2521 3148 finden, welcher von dieſen drey Toͤnen zu einer Note des gegebenen
381 2627 2521 3148 Geſanges den Grundbaß machen ſoll. Unterdeſſen traͤget es ſich
381 2627 2521 3148 manchesmal zu, daß keiner dieſer Toͤne gebrauchet werden kann. Zum
462 3155 2515 3249 Einleit. in die muſic. Setzt. P Exem.
