2973 3570
893 162 1990 247 Anmerkungen des Ueberſetzers
417 306 2357 409 machet, wie folget:
418 859 2520 945 Eine Secundenfortſchreitung in dem Grundbaſſe iſt alſo eine elliptiſche Fort⸗
421 943 2510 1040 ſchreitung.
435 1037 2522 1125 Die Fortſchreitung von c zu a iſt noch entfernter, als die von c zu d, weil
423 1115 2512 1206 daſelbſt zwo Quintenfortſchreitungen uͤberſprungen werden, als:
535 1541 2363 1645 pt t
918 1612 2516 1685 tEt
935 1679 2013 1719 —
430 1744 2534 1838 Die Quintenfortſchreitungen haben vor den uͤbrigen nichts mehr, als einen Grab
430 1828 2536 1915 der Vollkommenheit voraus. Dieſe Grade ſind nach der Anzahl der ausgelaſ⸗
431 1906 2539 1997 ſenen Fortſchreitungen leicht zu beſtimmen, und darnach iſt die Vollkommenheit
434 1981 2541 2070 einer Progreßion leicht zu beurtheilen. Bey den Secundenfortſchreitungen im
437 2057 2540 2147 Grundbaſſe ſind uͤbrigens die Geſetze der harmoniſchen Relation zu Rathe zu
435 2156 2520 2232 ehen. 1 2 222c2e
470 2204 2544 2302 (u) Dieſer Ausweichungen wegen ſind die Regeln der Modulation zu beob
441 2287 2545 2376 achten. Man kann aus dem c dur in d moll gehen, und darinnen cadenziren.
439 2360 2543 2455 Der Ton d dur aber kann in einem aus dem c dur gehenden Stuͤcke, nur im
441 2436 2543 2532 Vorbeygehen, vermittelſt einer vorhergehenden Modulation in g dur beruhret
443 2516 2542 2598 werden. Eben alſo muß man den Ton b dur, in einem aus c dur gehenden
443 2593 2521 2686 Stuͤcke, nur zufaͤlliger Weiſe, vermittelſt des Tons f, beruͤhren.
513 2689 2545 2783 (2) Von der Muſik der Griechen, und ihrer Benennung der Toͤne kann
448 2771 1978 2861 man die hiſtor. krit. Beytraͤge, I Band 4 St. nachſehen.
604 2861 2543 2961 (13) Comma iſt ein allgemeines Wort, und giebet es mehr als eine Art
451 2945 2540 3032 von Commaten, wie in den Anfangsgruͤnden gelehret iſt. Das Comma 81: 80
435 3022 2546 3120 wird entweder vorzuͤglicher Weiſe ein Comma, oder zum Unterſcheide der an⸗
450 3103 2396 3187 dern ein ſyntoniſches Comma genennet.
528 3170 2548 3267 Einleit. in die muſic. Setzk. i
