2973 3678
420 183 612 280 I0
843 138 2230 273 IBuch. XII Cap. Den Grundbaß
445 318 2654 614 wird gut ſeyn, der nach den davon gegebenen Regeln (Cap. VJ.) for⸗
445 318 2654 614 miret iſt, und worinnen die Diſſonanzen, die darinnen vorkommen, ge⸗
445 318 2654 614 hoͤrig vorbereitet und aufgeloͤſet ſind ).
1428 633 1704 723 §. 239.
439 729 2648 1532 Es iſt bey der Suchung des Grundbaſſes ſehr nuͤtzlich, zu wiſſen,
439 729 2648 1532 in was fuͤr einem Tone oder einer Tonart der Geſang iſt. Die Ur⸗
439 729 2648 1532 ſache davon wird man weiter unten ſehen. Es iſt aber ſchwer, allge⸗
439 729 2648 1532 meine und keiner Ausnahme faͤhige Regeln davon zu geben, und nichts
439 729 2648 1532 der Willkuͤhr zu uͤberlaſſen, weil man oͤfters den Geſang in dieſen oder
439 729 2648 1532 jenen Ton, wie man will, hinlenken kann. So kann z. E. der Geſang
439 729 2648 1532 g c allen den Dur⸗ und Molltoͤnen, worinnen g c vorkommen, zuge⸗
439 729 2648 1532 hoͤren, und ſeine Harmonie daher erborgen, außer daß ein jeder dieſer
439 729 2648 1532 Toͤne fuͤr ſich verſchiedenen Toͤnen und Tonarten zugehoͤren kann.
1389 1564 1678 1654 §. 240.
407 1660 2648 1853 Jndeſſen brauchet man aus folgenden zwoen Urſachen nicht alle⸗
407 1660 2648 1853 zeit den Ton aufs genaueſte zu wiſſen.
503 1850 2648 2020 1) weil dadurch, daß einerley Toͤne verſchiedenen Modis oder Ton⸗
503 1850 2648 2020 arten zuaehoͤren koͤnnen, die Tonart oder der Ton unterweilen
2497 2020 2642 2118 ſehr
439 2148 1537 2315 nen, als die vorhergehende Erklaͤrung
439 2148 1537 2315 giebet, iſt unrichtig und fehlerhaft.
433 2308 1511 2629 Jn Anſehung der Transpoſition im
433 2308 1511 2629 Singen deucht mich folgende Regel ſim⸗
433 2308 1511 2629 pler und faßlicher, als die gewoͤhnliche,
433 2308 1511 2629 zu ſeyn.
478 2636 1492 2809 Wenn Kreuze am Schli
478 2636 1492 2809 z ohc.
433 2835 1511 3252 Sprecht g, a, d, e, h, f, und veraͤn⸗
433 2835 1511 3252 dert g in c, wenn ein Kreuz am Schluͤſ⸗
433 2835 1511 3252 ſel ſtehet; d in c, wenn zwey Kreuze
433 2835 1511 3252 vorkommen; a in c, wenn drey vorkom⸗
433 2835 1511 3252 men, u. ſ. w.
1620 2103 2572 2296 Wenn Been am Schluͤſſel
1620 2103 2572 2296 ſtehen.
1537 2302 2635 2681 Sprecht f, h, e, a, d, g, und veraͤn⸗
1537 2302 2635 2681 dert f in c, wenn ein Be am Schluͤſſel
1537 2302 2635 2681 ſtehet; h in c, wenn zwey Been vor⸗
1537 2302 2635 2681 kommen; e in c, wenn drey vorkom⸗
1537 2302 2635 2681 men, u. ſ. w.
1543 2681 2615 2841 ooo) Dieſe Regel iſt ſo wichtig, daß
1543 2681 2615 2841 ſie anfs ſtrengſte beobachtet werden muß.
1556 2848 2628 3239 Die Redensarten: in einer Tonart
1556 2848 2628 3239 ſeyn, oder in einem Cone ſeyn;
1556 2848 2628 3239 ferner in eine Tonart gehen, oder
1556 2848 2628 3239 in einen Ton gehen, c. ꝛc. ſind all⸗
1556 2848 2628 3239 hier gleichguͤltig.
400 2069 2668 3285 nen, als die vorhergehende Erklaͤrung Wenn Been am Schluͤſſel
400 2069 2668 3285 giebet, iſt unrichtig und fehlerhaft. ſtehen.
400 2069 2668 3285 Jn Anſehung der Transpoſition im Sprecht f, h, e, a, d, g, und veraͤn⸗
400 2069 2668 3285 Singen deucht mich folgende Regel ſim⸗ dert f in c, wenn ein Be am Schluͤſſel
400 2069 2668 3285 pler und faßlicher, als die gewoͤhnliche, ſtehet; h in c, wenn zwey Been vor⸗
400 2069 2668 3285 zu ſeyn. kommen; e in c, wenn drey vorkom⸗
400 2069 2668 3285 k... men, u. ſ. w.
400 2069 2668 3285 wenn Be n Schluſſe oo) Dia nea i ſ vichig da
400 2069 2668 3285 ſie anfs ſtrengſte beobachtet werden muß.
400 2069 2668 3285 Sprecht g, a, d, e, h, f, und veraͤn⸗ Die Redensarten: in einer Tonart
400 2069 2668 3285 dert g in c, wenn ein Kreuz am Schluͤſ⸗ ſeyn, oder in einem Cone ſeyn;
400 2069 2668 3285 ſel ſtehet; d in c, wenn zwey Kreuze ferner in eine Tonart gehen, oder
400 2069 2668 3285 vorkommen; a in c, wenn drey vorkom⸗ in einen Ton gehen, c. ꝛc. ſind all⸗
400 2069 2668 3285 men, u. ſ. w. hier gleichguͤltig.
