2973 3636
479 214 2402 313 1Buch. XX Cap. Von dem enharmon. Klanggeſchlechte.
2444 230 2527 309 65
420 368 2522 462 ſch dem großen und kleinen halben Toneee) Er kann von un
389 393 2521 548 r XXX XXr
389 544 2517 637 ſern Jnſtrumenten nicht gebraucht. Man bedienet ſich gleichwohl ei⸗
398 635 2523 721 nes Mittels, ſich deſſelben zu bedienen, oder vielmehr die Wirkung
392 721 2240 811 deſſelben in dem Gehoͤre zu erſetzen.
2302 810 2526 893 §. 145.
393 937 2531 1018 iſt: ſo wird his (Anmerk. d) ſeyn wie 4 Die Haͤlfte des kleinern hal⸗
394 1022 2526 1100 , und die Unteroctave wie H, ein ben Tons. Derſelbe iſt um
391 1101 2525 1173 um oder ungefaͤhr, kleiner Jn⸗ von der Einheit unterſchieden;
390 1175 2525 1246 tervall als die Einheit. Das his iſt folglich wird die Haͤlfte ſeyn wie
390 1253 2526 1330 alſo um r ungefaͤhr kleiner als die . Das iſt der kleinſte Vier⸗
389 1331 1929 1400 Octave c. theilston.
471 1411 2528 1483 Man hat dieſes Jntervall einen Vier⸗ Wenn nun das Jntervall, woraus
393 1490 2530 1562 theilston genennet, und dieſe Benen⸗ der enharmoniſche Viertheilston beſtehet,
396 1567 2528 1638 nung hat ihren Grund. Man kann naͤm⸗ nur um von der Einheit unterſchieden
396 1640 2525 1714 lich in der Muſik wirklich viererley iſt: ſo kann es mit Recht ein enharmo⸗
395 1710 2525 1788 Arten von Viertheilstoͤnen unter⸗ niſcher Viertheilston genennet wer⸗
395 1797 2523 1871 ſcheiden. den, weil es weniger als der groͤßte, und
474 1868 2524 1950 1) Der groͤßere Viertheilston. mehr als der kleinſte Biertheilston von
423 1952 2020 2020 Da der große ganze Ton und ſei⸗ der Einheit differiret.
554 2027 2537 2102 ne Differenz von der Einheit iſt: ee) Das iſt, wenn man von e zu f
552 2103 2526 2175 ſo wird die Differenz dieſes Vier⸗ hinaufſteiget, z. E. wenn man einen
552 2180 2524 2254 theilstons von der Einheit unge⸗ großen halben Ton aufwaͤrts gehet, und
554 2259 2527 2330 faͤhr ein Viertheil ausF, das iſt hernach, bey der Wiederkehr zu e, vermit⸗
553 2337 2525 2411 ſeyn (32. telſt eines kleinen halben Tons zu einem
479 2408 2525 2482 2) Der kleinere Viertheilston. andern Tone hinaufſteiget, der nicht in
546 2489 2524 2559 So wie der kleine ganze Ton um der Leiter enthalten iſt, und den ich durch
560 2562 2523 2644 von der Einheit differiret: ſo f4 anzeigen will: ſo werden die beyden
560 2641 2522 2714 wird dieſer Viertheilston um Toͤne f und f einen enharmoniſchen
556 2724 2522 2796 davon unterſchieden ſeyn. Viertheilston zuſammen machen; denn,
486 2791 2521 2876 3 Die aͤlfte des groͤßern hal⸗ wenn e 1 iſt, ſo wird f 45 und f4 44
564 2876 2520 2947 ben Tons. Da derſelbe um ſeyn. Die Differenz zwiſchen f4- und
561 2950 2517 3023 von der Einheit differiret: ſo wird f wird alſo ſeyn wie gegen 4, (S.
438 3024 2520 3105 .die Haͤlfte davon ſolches um Anmerk. d) das iſt, wie 25 mal 15 ge⸗
560 3103 2519 3185 thun. Das iſt der groͤßte Vier⸗ gen i6 mal 24, das iſt, wie 25 mal 5 ge⸗
561 3188 2483 3253 theilston. gen 16 mal 8, oder wie 125 gegen 128.
393 942 1428 1018 iſt: ſo wird his (Anmerk. d) ſeyn wie
394 1027 1427 1100 , und die Unteroctave wie Hz, ein
391 1101 1430 1173 um vi oder ungefaͤhr, kleiner Jn⸗
390 1177 1428 1246 tervall als die Einheit. Das his iſt
390 1256 1428 1330 alſo um r ungefaͤhr kleiner als die
389 1342 644 1400 Oetave c.
471 1411 1431 1483 Man hat dieſes Jntervall einen Vier⸗
393 1493 1429 1562 theilston genennet, und dieſe Benen⸗
396 1567 1429 1638 nung hat ihren Grund. Man kann naͤm⸗
396 1643 1430 1714 lich in der Muſik wirklich viererley
395 1710 1430 1788 Arten von Viertheilstoͤnen unter⸗
395 1807 822 1870 ſcheiden.
474 1868 1428 1950 1 Der groͤßere Viertheilston.
551 1954 1430 2020 Da der große ganze Ton Z und ſei⸗
554 2029 1429 2096 ne Differenz von der Einheit S iſt:
552 2107 1430 2175 ſo wird die Differenz dieſes Vier⸗
552 2184 1430 2250 theilstons von der Einheit unge⸗
554 2259 1433 2330 faͤhr ein Viertheil aus F, das iſt
553 2343 918 2411 ſeyn (32.
479 2408 1432 2478 2) Der kleinere Viertheilston.
546 2492 1433 2558 So wie der kleine ganze Ton um
560 2569 1432 2644 von der Einheit differiret: ſo
560 2647 1434 2711 wird dieſer Viertheilston um i
556 2725 1184 2788 davon unterſchieden ſeyn.
486 2791 1434 2876 3 Die Haͤlfte des groͤßern hal⸗
564 2878 1434 2944 ben Tons. Da derſelbe um
561 2957 1434 3021 von der Einheit differiret: ſo wird
559 3031 1433 3102 die Haͤlfte davon ſolches um
560 3103 1435 3185 thun. Das iſt der groͤßte Vier⸗
561 3191 1451 3253 theilston.
1569 937 2531 1017 4 Die Zaͤlfte des kleinern hal⸗
1646 1022 2526 1095 ben Tons. Derſelbe iſt um
1645 1103 2525 1166 von der Einheit unterſchieden;
1645 1175 2525 1244 folglich wird die Haͤlfte ſeyn wie
1648 1253 2526 1328 . Das iſt der kleinſte Vier⸗
1647 1331 1929 1394 theilston.
1572 1411 2528 1476 Wenn nun das Jntervall, woraus
1490 1490 2530 1561 der enharmoniſche Viertheilston beſtehet,
1494 1568 2528 1630 nur um von der Einheit unterſchieden
1492 1640 2525 1706 iſt: ſo kann es mit Recht ein enharmo⸗
1493 1715 2525 1788 niſcher Viertheilston genennet wer⸗
1491 1797 2523 1865 den, weil es weniger als der groͤßte, und
1492 1873 2524 1942 mehr als der kleinſte Biertheilston von
1491 1952 2020 2015 der Einheit differiret.
1569 2027 2537 2102 ee) Das iſt, wenn man von e zu f
1494 2103 2526 2174 hinaufſteiget, z. E. wenn man einen
1496 2180 2524 2254 großen halben Ton aufwaͤrts gehet, und
1492 2261 2527 2330 hernach, bey der Wiederkehr zu e, vermit⸗
1494 2337 2525 2403 telſt eines kleinen halben Tons zu einem
1495 2411 2525 2482 andern Tone hinaufſteiget, der nicht in
1495 2489 2524 2559 der Leiter enthalten iſt, und den ich durch
1496 2562 2523 2636 f anzeigen will: ſo werden die beyden
1498 2641 2522 2714 Toͤne f4- und f einen enharmoniſchen
1496 2724 2522 2796 Viertheilston zuſammen machen; denn,
1497 2795 2521 2870 wenn e 1 iſt, ſo wird f 15 und f4 4
1496 2876 2520 2947 ſeyn. Die Differenz zwiſchen f und
1497 2950 2517 3023 f wird alſo ſeyn wie gegen 4, (S.
1497 3024 2520 3105 Anmerk. d) das iſt, wie 25 mal 15 ge⸗
1495 3108 2519 3180 gen i6 mal 24, das iſt, wie 25 mal 5 ge⸗
1495 3188 2483 3253 gen 16 mal 8, oder wie 125 gegen 128.
488 3262 1787 3348 Einleit. in die muſic. Setzk. J
