<?xml version="1.0" encoding="UTF-8"?>
<pc:PcGts xmlns:pc="http://schema.primaresearch.org/PAGE/gts/pagecontent/2019-07-15"  xmlns:xsi="http://www.w3.org/2001/XMLSchema-instance" xsi:schemaLocation="http://schema.primaresearch.org/PAGE/gts/pagecontent/2019-07-15 http://schema.primaresearch.org/PAGE/gts/pagecontent/2019-07-15/pagecontent.xsd">
    <pc:Metadata>
        <pc:Creator>OCR-D/core 2.4.4</pc:Creator>
        <pc:Created>2021-01-10T21:41:44</pc:Created>
        <pc:LastChange>2021-01-10T21:41:44</pc:LastChange>
        <pc:MetadataItem type="processingStep" name="preprocessing/optimization/binarization" value="ocrd-olena-binarize">
            <pc:Labels>
                <pc:Label value="sauvola" type="impl"/>
                <pc:Label value="0.34" type="k"/>
                <pc:Label value="101" type="win-size"/>
            </pc:Labels>
        </pc:MetadataItem>
        <pc:MetadataItem type="processingStep" name="preprocessing/optimization/cropping" value="ocrd-anybaseocr-crop">
            <pc:Labels>
                <pc:Label value="True" type="force"/>
                <pc:Label value="0.04" type="colSeparator"/>
                <pc:Label value="0.3" type="maxRularArea"/>
                <pc:Label value="0.05" type="minArea"/>
                <pc:Label value="0.01" type="minRularArea"/>
                <pc:Label value="0.75" type="positionBelow"/>
                <pc:Label value="0.4" type="positionLeft"/>
                <pc:Label value="0.6" type="positionRight"/>
                <pc:Label value="10.0" type="rularRatioMax"/>
                <pc:Label value="3.0" type="rularRatioMin"/>
                <pc:Label value="0.95" type="rularWidth"/>
                <pc:Label value="page" type="operation_level"/>
            </pc:Labels>
        </pc:MetadataItem>
        <pc:MetadataItem type="processingStep" name="layout/segmentation/region" value="ocrd-tesserocr-segment-region">
            <pc:Labels externalModel="ocrd-tool" externalId="parameters">
                <pc:Label value="-1" type="dpi"/>
                <pc:Label value="True" type="overwrite_regions"/>
                <pc:Label value="0" type="padding"/>
                <pc:Label value="False" type="crop_polygons"/>
                <pc:Label value="True" type="find_tables"/>
                <pc:Label value="False" type="sparse_text"/>
            </pc:Labels>
        </pc:MetadataItem>
        <pc:MetadataItem type="processingStep" name="layout/segmentation/line" value="ocrd-tesserocr-segment-line">
            <pc:Labels externalModel="ocrd-tool" externalId="parameters">
                <pc:Label value="-1" type="dpi"/>
                <pc:Label value="True" type="overwrite_lines"/>
            </pc:Labels>
        </pc:MetadataItem>
        <pc:MetadataItem type="processingStep" name="layout/segmentation/region" value="ocrd-cis-ocropy-clip">
            <pc:Labels externalModel="ocrd-tool" externalId="parameters">
                <pc:Label value="line" type="level-of-operation"/>
                <pc:Label value="-1" type="dpi"/>
                <pc:Label value="0.7" type="min_fraction"/>
            </pc:Labels>
        </pc:MetadataItem>
        <pc:MetadataItem type="processingStep" name="recognition/text-recognition" value="ocrd-calamari-recognize">
            <pc:Labels externalModel="ocrd-tool" externalId="parameters">
                <pc:Label value="/data/models/calamari/GT4HistOCR/*.ckpt.json" type="checkpoint"/>
                <pc:Label value="confidence_voter_default_ctc" type="voter"/>
                <pc:Label value="line" type="textequiv_level"/>
                <pc:Label value="0.001" type="glyph_conf_cutoff"/>
            </pc:Labels>
        </pc:MetadataItem>
    </pc:Metadata>
    <pc:Page imageFilename="OCR-D-IMG/Marpurg_1757-097.png" imageWidth="2973" imageHeight="3704" type="content">
        <pc:AlternativeImage filename="OCR-D-IMG-BIN/OCR-D-BIN_Marpurg_1757-097-BIN_sauvola.png" comments="binarized"/>
        <pc:AlternativeImage filename="OCR-D-IMG-CROP/OCR-D-IMG-CROP_Marpurg_1757-097.png" comments="binarized,cropped"/>
        <pc:Border>
            <pc:Coords points="410,183 2612,183 2612,3259 410,3259"/>
        </pc:Border>
        <pc:ReadingOrder>
            <pc:OrderedGroup id="reading-order">
                <pc:RegionRefIndexed index="0" regionRef="region_id_0"/>
                <pc:RegionRefIndexed index="1" regionRef="region_id_1"/>
                <pc:RegionRefIndexed index="2" regionRef="region_id_2"/>
                <pc:RegionRefIndexed index="3" regionRef="region_id_3"/>
                <pc:RegionRefIndexed index="4" regionRef="region_id_4"/>
                <pc:RegionRefIndexed index="5" regionRef="region_id_5"/>
                <pc:RegionRefIndexed index="6" regionRef="region_id_6"/>
                <pc:RegionRefIndexed index="7" regionRef="region_id_7"/>
                <pc:RegionRefIndexed index="8" regionRef="region_id_8"/>
                <pc:RegionRefIndexed index="9" regionRef="region_id_9"/>
                <pc:RegionRefIndexed index="10" regionRef="region_id_10"/>
                <pc:RegionRefIndexed index="11" regionRef="region_id_11"/>
                <pc:RegionRefIndexed index="12" regionRef="region_id_12"/>
                <pc:RegionRefIndexed index="13" regionRef="region_id_13"/>
            </pc:OrderedGroup>
        </pc:ReadingOrder>
        <pc:TextRegion id="region_id_0" type="page-number">
            <pc:Coords points="373,204 373,314 509,314 509,204 373,204"/>
            <pc:TextLine id="region_id_0_line0000">
                <pc:Coords points="410,226 492,226 492,302 410,302"/>
                <pc:TextEquiv conf="0.9972715377807617">
                    <pc:Unicode>78</pc:Unicode>
                </pc:TextEquiv>
            </pc:TextLine>
            <pc:TextEquiv>
                <pc:Unicode>78</pc:Unicode>
            </pc:TextEquiv>
        </pc:TextRegion>
        <pc:TextRegion id="region_id_1" type="header">
            <pc:Coords points="561,185 568,295 2475,276 2462,185 561,185"/>
            <pc:TextLine id="region_id_1_line0000">
                <pc:Coords points="581,185 581,293 769,293 2446,276 2446,185 581,185"/>
                <pc:TextEquiv conf="0.9564744234085083">
                    <pc:Unicode>nBuch. II Cap. Von den verſchiedenen Schluͤſſeln ic.</pc:Unicode>
                </pc:TextEquiv>
            </pc:TextLine>
            <pc:TextEquiv>
                <pc:Unicode>nBuch. II Cap. Von den verſchiedenen Schluͤſſeln ic.</pc:Unicode>
            </pc:TextEquiv>
        </pc:TextRegion>
        <pc:TextRegion id="region_id_2" type="paragraph">
            <pc:Coords points="399,353 386,823 1198,808 2594,706 2604,353 399,353"/>
            <pc:TextLine id="region_id_2_line0000">
                <pc:AlternativeImage filename="OCR-D-IMG-CLIP/OCR-D-IMG-CLIP_Marpurg_1757-097_region_id_2_region_id_2_line0000.png" comments="binarized,clipped"/>
                <pc:Coords points="412,353 2586,353 2586,454 412,454"/>
                <pc:TextEquiv conf="0.9996156096458435">
                    <pc:Unicode>theilige Tactart angeſehen werden. Es ſind in derſelben alſo zwey</pc:Unicode>
                </pc:TextEquiv>
            </pc:TextLine>
            <pc:TextLine id="region_id_2_line0001">
                <pc:AlternativeImage filename="OCR-D-IMG-CLIP/OCR-D-IMG-CLIP_Marpurg_1757-097_region_id_2_region_id_2_line0001.png" comments="binarized,clipped"/>
                <pc:Coords points="414,441 2588,441 2588,545 414,545"/>
                <pc:TextEquiv conf="0.9993292689323425">
                    <pc:Unicode>gute und zwey ſchlechte Theile vorhanden. Ueberhaupt werden durch die</pc:Unicode>
                </pc:TextEquiv>
            </pc:TextLine>
            <pc:TextLine id="region_id_2_line0002">
                <pc:AlternativeImage filename="OCR-D-IMG-CLIP/OCR-D-IMG-CLIP_Marpurg_1757-097_region_id_2_region_id_2_line0002.png" comments="binarized,clipped"/>
                <pc:Coords points="417,529 417,631 2596,631 2598,565 2598,529 417,529"/>
                <pc:TextEquiv conf="0.9970179200172424">
                    <pc:Unicode>Woͤrter ſchlecht und gut auch die Theilchen oder Glieder eines jeden</pc:Unicode>
                </pc:TextEquiv>
            </pc:TextLine>
            <pc:TextLine id="region_id_2_line0003">
                <pc:AlternativeImage filename="OCR-D-IMG-CLIP/OCR-D-IMG-CLIP_Marpurg_1757-097_region_id_2_region_id_2_line0003.png" comments="binarized,clipped"/>
                <pc:Coords points="412,613 412,730 2266,730 2587,707 2587,613 412,613"/>
                <pc:TextEquiv conf="0.998768150806427">
                    <pc:Unicode>Tacttheiles unterſchieden, und heißt jedes erſte Glied gut, und jedes</pc:Unicode>
                </pc:TextEquiv>
            </pc:TextLine>
            <pc:TextLine id="region_id_2_line0004">
                <pc:AlternativeImage filename="OCR-D-IMG-CLIP/OCR-D-IMG-CLIP_Marpurg_1757-097_region_id_2_region_id_2_line0004.png" comments="binarized,clipped"/>
                <pc:Coords points="417,712 417,821 494,821 1198,808 2345,724 2345,712 417,712"/>
                <pc:TextEquiv conf="0.9985657334327698">
                    <pc:Unicode>zweyte Glied ſchlecht.</pc:Unicode>
                </pc:TextEquiv>
            </pc:TextLine>
            <pc:TextEquiv>
                <pc:Unicode>theilige Tactart angeſehen werden. Es ſind in derſelben alſo zwey
gute und zwey ſchlechte Theile vorhanden. Ueberhaupt werden durch die
Woͤrter ſchlecht und gut auch die Theilchen oder Glieder eines jeden
Tacttheiles unterſchieden, und heißt jedes erſte Glied gut, und jedes
zweyte Glied ſchlecht.</pc:Unicode>
            </pc:TextEquiv>
        </pc:TextRegion>
        <pc:TextRegion id="region_id_3" type="heading">
            <pc:Coords points="1364,800 1364,892 1642,892 1642,800 1364,800"/>
            <pc:TextLine id="region_id_3_line0000">
                <pc:Coords points="1377,804 1642,804 1642,885 1377,885"/>
                <pc:TextEquiv conf="0.9814785122871399">
                    <pc:Unicode>§. 175.</pc:Unicode>
                </pc:TextEquiv>
            </pc:TextLine>
            <pc:TextEquiv>
                <pc:Unicode>§. 175.</pc:Unicode>
            </pc:TextEquiv>
        </pc:TextRegion>
        <pc:TextRegion id="region_id_4" type="paragraph">
            <pc:Coords points="393,909 400,1291 2604,1245 2618,890 393,909"/>
            <pc:TextLine id="region_id_4_line0000">
                <pc:AlternativeImage filename="OCR-D-IMG-CLIP/OCR-D-IMG-CLIP_Marpurg_1757-097_region_id_4_region_id_4_line0000.png" comments="binarized,clipped"/>
                <pc:Coords points="1330,901 594,907 594,999 2590,999 2590,901 1330,901"/>
                <pc:TextEquiv conf="0.9983125329017639">
                    <pc:Unicode>Die Noten werden eingetheilet in runde, weiße, Viertheile,</pc:Unicode>
                </pc:TextEquiv>
            </pc:TextLine>
            <pc:TextLine id="region_id_4_line0001">
                <pc:AlternativeImage filename="OCR-D-IMG-CLIP/OCR-D-IMG-CLIP_Marpurg_1757-097_region_id_4_region_id_4_line0001.png" comments="binarized,clipped"/>
                <pc:Coords points="420,994 2593,994 2593,1102 420,1102"/>
                <pc:TextEquiv conf="0.9966980218887329">
                    <pc:Unicode>Achttheile, Sechzehntheile, Zwey und dreyßigtheile, u. ſ. w.</pc:Unicode>
                </pc:TextEquiv>
            </pc:TextLine>
            <pc:TextLine id="region_id_4_line0002">
                <pc:AlternativeImage filename="OCR-D-IMG-CLIP/OCR-D-IMG-CLIP_Marpurg_1757-097_region_id_4_region_id_4_line0002.png" comments="binarized,clipped"/>
                <pc:Coords points="422,1084 2594,1084 2594,1189 422,1189"/>
                <pc:TextEquiv conf="0.9947088360786438">
                    <pc:Unicode>Eine runde gilt zwo weiße; eine weiße zwey Viertheile, ein Vier⸗</pc:Unicode>
                </pc:TextEquiv>
            </pc:TextLine>
            <pc:TextLine id="region_id_4_line0003">
                <pc:AlternativeImage filename="OCR-D-IMG-CLIP/OCR-D-IMG-CLIP_Marpurg_1757-097_region_id_4_region_id_4_line0003.png" comments="binarized,clipped"/>
                <pc:Coords points="422,1185 422,1285 687,1285 1327,1272 1327,1185 422,1185"/>
                <pc:TextEquiv conf="0.98404461145401">
                    <pc:Unicode>theil zwey Achttheile, u. ſ. w.</pc:Unicode>
                </pc:TextEquiv>
            </pc:TextLine>
            <pc:TextEquiv>
                <pc:Unicode>Die Noten werden eingetheilet in runde, weiße, Viertheile,
Achttheile, Sechzehntheile, Zwey und dreyßigtheile, u. ſ. w.
Eine runde gilt zwo weiße; eine weiße zwey Viertheile, ein Vier⸗
theil zwey Achttheile, u. ſ. w.</pc:Unicode>
            </pc:TextEquiv>
        </pc:TextRegion>
        <pc:TextRegion id="region_id_5" type="heading">
            <pc:Coords points="1360,1302 1360,1402 1650,1402 1650,1302 1360,1302"/>
            <pc:TextLine id="region_id_5_line0000">
                <pc:Coords points="1368,1313 1645,1313 1645,1396 1368,1396"/>
                <pc:TextEquiv conf="0.9806898832321167">
                    <pc:Unicode>§. 176.</pc:Unicode>
                </pc:TextEquiv>
            </pc:TextLine>
            <pc:TextEquiv>
                <pc:Unicode>§. 176.</pc:Unicode>
            </pc:TextEquiv>
        </pc:TextRegion>
        <pc:TextRegion id="region_id_6" type="paragraph">
            <pc:Coords points="410,1412 409,1784 2626,1784 2624,1407 410,1412"/>
            <pc:TextLine id="region_id_6_line0000">
                <pc:AlternativeImage filename="OCR-D-IMG-CLIP/OCR-D-IMG-CLIP_Marpurg_1757-097_region_id_6_region_id_6_line0000.png" comments="binarized,clipped"/>
                <pc:Coords points="1296,1410 604,1412 604,1505 2598,1505 2598,1410 1296,1410"/>
                <pc:TextEquiv conf="0.9984024167060852">
                    <pc:Unicode>Wenn eine Note auf einem ſchlechten Tacttheile anfaͤngt, und</pc:Unicode>
                </pc:TextEquiv>
            </pc:TextLine>
            <pc:TextLine id="region_id_6_line0001">
                <pc:AlternativeImage filename="OCR-D-IMG-CLIP/OCR-D-IMG-CLIP_Marpurg_1757-097_region_id_6_region_id_6_line0001.png" comments="binarized,clipped"/>
                <pc:Coords points="429,1501 2599,1501 2599,1606 429,1606"/>
                <pc:TextEquiv conf="0.999093234539032">
                    <pc:Unicode>in den folgenden guten heruͤber gezogen wird: ſo wird dieſer Proceß</pc:Unicode>
                </pc:TextEquiv>
            </pc:TextLine>
            <pc:TextLine id="region_id_6_line0002">
                <pc:AlternativeImage filename="OCR-D-IMG-CLIP/OCR-D-IMG-CLIP_Marpurg_1757-097_region_id_6_region_id_6_line0002.png" comments="binarized,clipped"/>
                <pc:Coords points="430,1588 2599,1588 2599,1694 430,1694"/>
                <pc:TextEquiv conf="0.9844412207603455">
                    <pc:Unicode>eine Ruͤckung oder Syncopation ), und die Note eine fynco⸗</pc:Unicode>
                </pc:TextEquiv>
            </pc:TextLine>
            <pc:TextLine id="region_id_6_line0003">
                <pc:Coords points="430,1695 1288,1695 1288,1784 430,1784"/>
                <pc:TextEquiv conf="0.9930951595306396">
                    <pc:Unicode>pirte Note genennet, z. E.</pc:Unicode>
                </pc:TextEquiv>
            </pc:TextLine>
            <pc:TextEquiv>
                <pc:Unicode>Wenn eine Note auf einem ſchlechten Tacttheile anfaͤngt, und
in den folgenden guten heruͤber gezogen wird: ſo wird dieſer Proceß
eine Ruͤckung oder Syncopation ), und die Note eine fynco⸗
pirte Note genennet, z. E.</pc:Unicode>
            </pc:TextEquiv>
        </pc:TextRegion>
        <pc:TextRegion id="region_id_8" type="heading">
            <pc:Coords points="1373,2069 1370,2161 1651,2164 1654,2074 1373,2069"/>
            <pc:TextLine id="region_id_8_line0000">
                <pc:Coords points="1378,2075 1649,2075 1649,2160 1378,2160"/>
                <pc:TextEquiv conf="0.9867224097251892">
                    <pc:Unicode>§. 177.</pc:Unicode>
                </pc:TextEquiv>
            </pc:TextLine>
            <pc:TextEquiv>
                <pc:Unicode>§. 177.</pc:Unicode>
            </pc:TextEquiv>
        </pc:TextRegion>
        <pc:TextRegion id="region_id_9" type="paragraph">
            <pc:Coords points="426,2170 429,2462 2617,2429 2617,2170 426,2170"/>
            <pc:TextLine id="region_id_9_line0000">
                <pc:Coords points="466,2179 2603,2179 2603,2274 466,2274"/>
                <pc:TextEquiv conf="0.9928938150405884">
                    <pc:Unicode>Eine Note, worauf ein Punct folget, wird um die Haͤlfte ihres</pc:Unicode>
                </pc:TextEquiv>
            </pc:TextLine>
            <pc:TextLine id="region_id_9_line0001">
                <pc:AlternativeImage filename="OCR-D-IMG-CLIP/OCR-D-IMG-CLIP_Marpurg_1757-097_region_id_9_region_id_9_line0001.png" comments="binarized,clipped"/>
                <pc:Coords points="437,2277 2602,2277 2602,2370 437,2370"/>
                <pc:TextEquiv conf="0.9947355389595032">
                    <pc:Unicode>Werths vermehret. Zum Exempel, eine punctirte runde gilt drey</pc:Unicode>
                </pc:TextEquiv>
            </pc:TextLine>
            <pc:TextLine id="region_id_9_line0002">
                <pc:AlternativeImage filename="OCR-D-IMG-CLIP/OCR-D-IMG-CLIP_Marpurg_1757-097_region_id_9_region_id_9_line0002.png" comments="binarized,clipped"/>
                <pc:Coords points="438,2363 438,2461 495,2461 2612,2429 2612,2363 438,2363"/>
                <pc:TextEquiv conf="0.993964433670044">
                    <pc:Unicode>weiße, eine punctirte weiße drey Viertheile, u. ſ. w.</pc:Unicode>
                </pc:TextEquiv>
            </pc:TextLine>
            <pc:TextEquiv>
                <pc:Unicode>Eine Note, worauf ein Punct folget, wird um die Haͤlfte ihres
Werths vermehret. Zum Exempel, eine punctirte runde gilt drey
weiße, eine punctirte weiße drey Viertheile, u. ſ. w.</pc:Unicode>
            </pc:TextEquiv>
        </pc:TextRegion>
        <pc:TextRegion id="region_id_10" type="footer">
            <pc:Coords points="2326,2439 2326,2530 2621,2530 2621,2439 2326,2439"/>
            <pc:TextLine id="region_id_10_line0000">
                <pc:Coords points="2334,2448 2611,2448 2611,2525 2334,2525"/>
                <pc:TextEquiv conf="0.9999067187309265">
                    <pc:Unicode>Viertes</pc:Unicode>
                </pc:TextEquiv>
            </pc:TextLine>
            <pc:TextEquiv>
                <pc:Unicode>Viertes</pc:Unicode>
            </pc:TextEquiv>
        </pc:TextRegion>
        <pc:TextRegion id="region_id_11" type="footnote">
            <pc:Coords points="393,2603 400,3289 2689,3276 2669,2590 393,2603"/>
            <pc:TextLine id="region_id_11_line0000">
                <pc:AlternativeImage filename="OCR-D-IMG-CLIP/OCR-D-IMG-CLIP_Marpurg_1757-097_region_id_11_region_id_11_line0000.png" comments="binarized,clipped"/>
                <pc:Coords points="520,2621 2603,2621 2603,2707 520,2707"/>
                <pc:TextEquiv conf="0.9854826927185059">
                    <pc:Unicode>l1) Die Ruͤckung beſtehet in einer No⸗ demſelben Tacte auf einem ſchlechten Thei⸗</pc:Unicode>
                </pc:TextEquiv>
            </pc:TextLine>
            <pc:TextLine id="region_id_11_line0001">
                <pc:AlternativeImage filename="OCR-D-IMG-CLIP/OCR-D-IMG-CLIP_Marpurg_1757-097_region_id_11_region_id_11_line0001.png" comments="binarized,clipped"/>
                <pc:Coords points="443,2699 2604,2699 2604,2788 443,2788"/>
                <pc:TextEquiv conf="0.9958642721176147">
                    <pc:Unicode>te, die zwoen verſchiedenen Zeiten oder le anfaͤngt, und auf einem guten aufhoͤ⸗</pc:Unicode>
                </pc:TextEquiv>
            </pc:TextLine>
            <pc:TextLine id="region_id_11_line0002">
                <pc:AlternativeImage filename="OCR-D-IMG-CLIP/OCR-D-IMG-CLIP_Marpurg_1757-097_region_id_11_region_id_11_line0002.png" comments="binarized,clipped"/>
                <pc:Coords points="445,2781 2604,2781 2604,2861 445,2861"/>
                <pc:TextEquiv conf="0.9913486838340759">
                    <pc:Unicode>Tacten zugehoͤret, ohne gleichwohl die ret, heißt eine ſyncopirte Note. Eine</pc:Unicode>
                </pc:TextEquiv>
            </pc:TextLine>
            <pc:TextLine id="region_id_11_line0003">
                <pc:AlternativeImage filename="OCR-D-IMG-CLIP/OCR-D-IMG-CLIP_Marpurg_1757-097_region_id_11_region_id_11_line0003.png" comments="binarized,clipped"/>
                <pc:Coords points="449,2860 2601,2860 2601,2940 449,2940"/>
                <pc:TextEquiv conf="0.9915668368339539">
                    <pc:Unicode>beyden Zeiten oder Tacte gaͤnzlich zu er⸗ Note, die in einer zwey⸗ oder dreytheili⸗</pc:Unicode>
                </pc:TextEquiv>
            </pc:TextLine>
            <pc:TextLine id="region_id_11_line0004">
                <pc:AlternativeImage filename="OCR-D-IMG-CLIP/OCR-D-IMG-CLIP_Marpurg_1757-097_region_id_11_region_id_11_line0004.png" comments="binarized,clipped"/>
                <pc:Coords points="450,2937 2603,2937 2603,3022 450,3022"/>
                <pc:TextEquiv conf="0.9989749789237976">
                    <pc:Unicode>fuͤllen. Zum Exempel, eine Note, die gen Tactart, einen oder zween Tacte allein</pc:Unicode>
                </pc:TextEquiv>
            </pc:TextLine>
            <pc:TextLine id="region_id_11_line0005">
                <pc:AlternativeImage filename="OCR-D-IMG-CLIP/OCR-D-IMG-CLIP_Marpurg_1757-097_region_id_11_region_id_11_line0005.png" comments="binarized,clipped"/>
                <pc:Coords points="451,3012 2606,3012 2606,3097 451,3097"/>
                <pc:TextEquiv conf="0.9949263334274292">
                    <pc:Unicode>auf einem ſchlechten Theile eines Tacts ausmacht, wird nicht fuͤr ſyncopirt ge⸗</pc:Unicode>
                </pc:TextEquiv>
            </pc:TextLine>
            <pc:TextLine id="region_id_11_line0006">
                <pc:AlternativeImage filename="OCR-D-IMG-CLIP/OCR-D-IMG-CLIP_Marpurg_1757-097_region_id_11_region_id_11_line0006.png" comments="binarized,clipped"/>
                <pc:Coords points="453,3093 2604,3093 2604,3177 453,3177"/>
                <pc:TextEquiv conf="0.9980254769325256">
                    <pc:Unicode>anfaͤngt, und auf einem guten Theile ſchaͤtzet. Es folget dieſes aus der vor⸗</pc:Unicode>
                </pc:TextEquiv>
            </pc:TextLine>
            <pc:TextLine id="region_id_11_line0007">
                <pc:AlternativeImage filename="OCR-D-IMG-CLIP/OCR-D-IMG-CLIP_Marpurg_1757-097_region_id_11_region_id_11_line0007.png" comments="binarized,clipped"/>
                <pc:Coords points="452,3169 2170,3169 2170,3259 452,3259"/>
                <pc:TextEquiv conf="0.9948762059211731">
                    <pc:Unicode>des folgenden aufhoͤret, oder die in eben hergehenden Erklaͤrung.</pc:Unicode>
                </pc:TextEquiv>
            </pc:TextLine>
            <pc:TextEquiv>
                <pc:Unicode>l1) Die Ruͤckung beſtehet in einer No⸗ demſelben Tacte auf einem ſchlechten Thei⸗
te, die zwoen verſchiedenen Zeiten oder le anfaͤngt, und auf einem guten aufhoͤ⸗
Tacten zugehoͤret, ohne gleichwohl die ret, heißt eine ſyncopirte Note. Eine
beyden Zeiten oder Tacte gaͤnzlich zu er⸗ Note, die in einer zwey⸗ oder dreytheili⸗
fuͤllen. Zum Exempel, eine Note, die gen Tactart, einen oder zween Tacte allein
auf einem ſchlechten Theile eines Tacts ausmacht, wird nicht fuͤr ſyncopirt ge⸗
anfaͤngt, und auf einem guten Theile ſchaͤtzet. Es folget dieſes aus der vor⸗
des folgenden aufhoͤret, oder die in eben hergehenden Erklaͤrung.</pc:Unicode>
            </pc:TextEquiv>
        </pc:TextRegion>
        <pc:TextRegion id="region_id_12" type="paragraph">
            <pc:Coords points="432,3262 432,2616 1511,2616 1511,3262 432,3262"/>
            <pc:TextLine id="region_id_12_line0000">
                <pc:AlternativeImage filename="OCR-D-IMG-CLIP/OCR-D-IMG-CLIP_Marpurg_1757-097_region_id_12_region_id_12_line0000.png" comments="binarized,clipped"/>
                <pc:Coords points="520,2626 1490,2626 1490,2707 520,2707"/>
                <pc:TextEquiv conf="0.9738783836364746">
                    <pc:Unicode>l1) Die Ruͤckung beſtehet in einer No⸗</pc:Unicode>
                </pc:TextEquiv>
            </pc:TextLine>
            <pc:TextLine id="region_id_12_line0001">
                <pc:AlternativeImage filename="OCR-D-IMG-CLIP/OCR-D-IMG-CLIP_Marpurg_1757-097_region_id_12_region_id_12_line0001.png" comments="binarized,clipped"/>
                <pc:Coords points="443,2707 1495,2707 1495,2788 443,2788"/>
                <pc:TextEquiv conf="0.9990563988685608">
                    <pc:Unicode>te, die zwoen verſchiedenen Zeiten oder</pc:Unicode>
                </pc:TextEquiv>
            </pc:TextLine>
            <pc:TextLine id="region_id_12_line0002">
                <pc:AlternativeImage filename="OCR-D-IMG-CLIP/OCR-D-IMG-CLIP_Marpurg_1757-097_region_id_12_region_id_12_line0002.png" comments="binarized,clipped"/>
                <pc:Coords points="445,2785 1497,2785 1497,2861 445,2861"/>
                <pc:TextEquiv conf="0.9968034029006958">
                    <pc:Unicode>Tacten zugehoͤret, ohne gleichwohl die</pc:Unicode>
                </pc:TextEquiv>
            </pc:TextLine>
            <pc:TextLine id="region_id_12_line0003">
                <pc:AlternativeImage filename="OCR-D-IMG-CLIP/OCR-D-IMG-CLIP_Marpurg_1757-097_region_id_12_region_id_12_line0003.png" comments="binarized,clipped"/>
                <pc:Coords points="449,2860 1495,2860 1495,2940 449,2940"/>
                <pc:TextEquiv conf="0.9965208172798157">
                    <pc:Unicode>beyden Zeiten oder Tacte gaͤnzlich zu er⸗</pc:Unicode>
                </pc:TextEquiv>
            </pc:TextLine>
            <pc:TextLine id="region_id_12_line0004">
                <pc:AlternativeImage filename="OCR-D-IMG-CLIP/OCR-D-IMG-CLIP_Marpurg_1757-097_region_id_12_region_id_12_line0004.png" comments="binarized,clipped"/>
                <pc:Coords points="450,2944 1497,2944 1497,3022 450,3022"/>
                <pc:TextEquiv conf="0.9985595345497131">
                    <pc:Unicode>fuͤllen. Zum Exempel, eine Note, die</pc:Unicode>
                </pc:TextEquiv>
            </pc:TextLine>
            <pc:TextLine id="region_id_12_line0005">
                <pc:AlternativeImage filename="OCR-D-IMG-CLIP/OCR-D-IMG-CLIP_Marpurg_1757-097_region_id_12_region_id_12_line0005.png" comments="binarized,clipped"/>
                <pc:Coords points="451,3021 1497,3021 1497,3097 451,3097"/>
                <pc:TextEquiv conf="0.9976323246955872">
                    <pc:Unicode>auf einem ſchlechten Theile eines Tacts</pc:Unicode>
                </pc:TextEquiv>
            </pc:TextLine>
            <pc:TextLine id="region_id_12_line0006">
                <pc:Coords points="453,3099 1498,3099 1498,3177 453,3177"/>
                <pc:TextEquiv conf="0.9968621134757996">
                    <pc:Unicode>anfaͤngt, und auf einem guten Theile</pc:Unicode>
                </pc:TextEquiv>
            </pc:TextLine>
            <pc:TextLine id="region_id_12_line0007">
                <pc:Coords points="452,3180 1498,3180 1498,3259 452,3259"/>
                <pc:TextEquiv conf="0.9972459673881531">
                    <pc:Unicode>des folgenden aufhoͤret, oder die in eben</pc:Unicode>
                </pc:TextEquiv>
            </pc:TextLine>
            <pc:TextEquiv>
                <pc:Unicode>l1) Die Ruͤckung beſtehet in einer No⸗
te, die zwoen verſchiedenen Zeiten oder
Tacten zugehoͤret, ohne gleichwohl die
beyden Zeiten oder Tacte gaͤnzlich zu er⸗
fuͤllen. Zum Exempel, eine Note, die
auf einem ſchlechten Theile eines Tacts
anfaͤngt, und auf einem guten Theile
des folgenden aufhoͤret, oder die in eben</pc:Unicode>
            </pc:TextEquiv>
        </pc:TextRegion>
        <pc:TextRegion id="region_id_13" type="paragraph">
            <pc:Coords points="1537,3256 1537,2609 2623,2609 2623,3256 1537,3256"/>
            <pc:TextLine id="region_id_13_line0000">
                <pc:Coords points="1554,2621 2603,2621 2603,2689 1554,2689"/>
                <pc:TextEquiv conf="0.9928930401802063">
                    <pc:Unicode>demſelben Tacte auf einem ſchlechten Thei⸗</pc:Unicode>
                </pc:TextEquiv>
            </pc:TextLine>
            <pc:TextLine id="region_id_13_line0001">
                <pc:Coords points="1559,2699 2604,2699 2604,2771 1559,2771"/>
                <pc:TextEquiv conf="0.9972922205924988">
                    <pc:Unicode>le anfaͤngt, und auf einem guten aufhoͤ⸗</pc:Unicode>
                </pc:TextEquiv>
            </pc:TextLine>
            <pc:TextLine id="region_id_13_line0002">
                <pc:Coords points="1561,2781 2604,2781 2604,2852 1561,2852"/>
                <pc:TextEquiv conf="0.9933231472969055">
                    <pc:Unicode>ret, heißt eine ſyncopirte Note. Eine</pc:Unicode>
                </pc:TextEquiv>
            </pc:TextLine>
            <pc:TextLine id="region_id_13_line0003">
                <pc:Coords points="1562,2860 2601,2860 2601,2930 1562,2930"/>
                <pc:TextEquiv conf="0.9881725907325745">
                    <pc:Unicode>Note, die in einer zwey⸗ oder dreytheili⸗</pc:Unicode>
                </pc:TextEquiv>
            </pc:TextLine>
            <pc:TextLine id="region_id_13_line0004">
                <pc:Coords points="1560,2937 2603,2937 2603,3007 1560,3007"/>
                <pc:TextEquiv conf="0.9945541620254517">
                    <pc:Unicode>gen Tactart, einen oder zween Tacte allein</pc:Unicode>
                </pc:TextEquiv>
            </pc:TextLine>
            <pc:TextLine id="region_id_13_line0005">
                <pc:Coords points="1560,3012 2606,3012 2606,3084 1560,3084"/>
                <pc:TextEquiv conf="0.9873243570327759">
                    <pc:Unicode>ausmacht, wird nicht fuͤr ſyncopirt ge⸗</pc:Unicode>
                </pc:TextEquiv>
            </pc:TextLine>
            <pc:TextLine id="region_id_13_line0006">
                <pc:Coords points="1561,3093 2604,3093 2604,3161 1561,3161"/>
                <pc:TextEquiv conf="0.9985235333442688">
                    <pc:Unicode>ſchaͤtzet. Es folget dieſes aus der vor⸗</pc:Unicode>
                </pc:TextEquiv>
            </pc:TextLine>
            <pc:TextLine id="region_id_13_line0007">
                <pc:Coords points="1561,3169 2170,3169 2170,3243 1561,3243"/>
                <pc:TextEquiv conf="0.9941471219062805">
                    <pc:Unicode>hergehenden Erklaͤrung.</pc:Unicode>
                </pc:TextEquiv>
            </pc:TextLine>
            <pc:TextEquiv>
                <pc:Unicode>demſelben Tacte auf einem ſchlechten Thei⸗
le anfaͤngt, und auf einem guten aufhoͤ⸗
ret, heißt eine ſyncopirte Note. Eine
Note, die in einer zwey⸗ oder dreytheili⸗
gen Tactart, einen oder zween Tacte allein
ausmacht, wird nicht fuͤr ſyncopirt ge⸗
ſchaͤtzet. Es folget dieſes aus der vor⸗
hergehenden Erklaͤrung.</pc:Unicode>
            </pc:TextEquiv>
        </pc:TextRegion>
        <pc:MusicRegion id="region_id_7" custom="staffNotation">
            <pc:Coords points="768,1802 768,2060 2127,2061 2130,1806 768,1802"/>
        </pc:MusicRegion>
    </pc:Page>
</pc:PcGts>
