2973 3620
813 172 2053 268 diatoniſchen Tonleiter der Griechen.
2424 193 2497 261 23
380 319 2495 411 vollkommen reine Conſonanzen mit den zu ihnen gehoͤrigen Toͤnen des
381 411 2496 497 Grundbaſſes machen; denn das d aus der Tonleiter iſt die reine
381 494 2493 590 Quinte von dem g aus dem Grundbaſſe, und das f aus der Tonlei⸗
376 584 1898 673 ter die reine Octave von dem f aus dieſem Baſſe.
1303 720 1547 797 §. 47.
392 808 2496 897 Wenn alſo die Toͤne der Leiter nur in Anſehung der Reinigkeit
377 895 2490 981 mit den Toͤnen aus dem Grundbaſſe vollkommen uͤbereinſtimmen: ſo
378 985 2495 1072 bekuͤmmert ſich das Ohr wenig um die Alteration, deren die Toͤne der
379 1072 2495 1158 Leiter unter ſich faͤhig ſind. Neuer Beweis, daß der Grundbaß der
379 1159 2493 1252 wahre Wegweiſer des Ohres, und die wahrhafte Quelle des diatoni⸗
379 1256 2304 1337 ſchen Geſanges iſt.
1308 1339 1557 1421 §. 48.
547 1418 2496 1523 Noch mehr, dieſe diatoniſche Leiter enthaͤlt nur ſieben Toͤne, und
377 1517 2496 1615 ſteiget nicht bis zum obern h hinauf, welches die Octave des erſten h
378 1609 2490 1702 ſeyn wuͤrde; ein neuer beſonderer Umſtand, wovon man nach den
377 1693 2492 1787 oben feſtgeſtellten Grundſaͤtzen Rechenſchaft geben kann. Jn der
379 1782 2491 1873 That, wenn der Ton h dem a in der Leiter unmittelbar nachfolgen
378 1872 2491 1962 ſollte, ſo muͤßte der Ton g, welcher der einzige iſt, aus welchem man
379 1952 2503 2048 dieſes h hervorbringen koͤnnte, m dem Grundbaſſe unmittelbar auf f
376 2046 2493 2138 folgen, als auf den einzigen Ton, woraus man das a hervorbringen
375 2128 2490 2218 konnte. Aber die diatoniſche Folge von f zu g, kann vermoge des
379 2218 2490 2311 §. 36. nicht in dem Grundbaſſe ſtatt finden. Folglich koͤnnen die
378 2305 2489 2389 Toͤne a und h nicht unmittelbar in der Leiter auf einander folgen.
379 2391 2490 2474 Wir werden nach dieſem ſehen, warum es in der mit c anfangenden
378 2476 2488 2565 Tonleiterc defgahc nicht eben die Bewanduiß hat, als allhier
380 2567 1517 2654 mit der mit h anfangenden Tonleiter.
1340 2692 1584 2775 §. 49
554 2798 2483 2886 Um alſo die Octave vollſtaͤndig zu machen, fuͤgten die Griechen
375 2888 2480 2984 zu dem Ende unter dem erſten h den Ton a hinzu, welchen ſie von
373 2977 2482 3063 den uͤbrigen Toͤnen der Leiter unterſchieden, und Proslambanome⸗
374 3057 2413 3169 nos, das iſt ſo viel, eine vorwaͤrts zugefuͤgte Seyte nennten.
2289 3205 2483 3285 §. 50.
