2973 3719
494 234 588 301 40
774 203 2379 294 1Buch. X Cap. Von der kleinen Tonart.
499 357 2672 452 gebracht wuͤrde, die drey Theile CXD, DHE, und EG F, einerley
502 446 2673 542 Ton hervorbringen wuͤrden, nicht anders, als wenn dieſe drey Theile
501 541 2659 620 drey verſchiedene bey C, D, E, und F befeſtigte Seyten waͤren.
601 624 2671 719 Nun weis man durch die Erfahrung, daß die bey C und D be⸗
501 722 2671 809 feſtigte, und einen Drittheil von CF enthaltende Seyte CD, die Ober
502 808 2148 895 duodecime gegen die ganze Seyte CF machen wuͤrde.
673 897 2669 989 Folglich muͤßte der Ton, den die drey Theile der Seyte CD
504 988 2673 1080 erklingen ließen, der Hauptton ſelber ſeyn, weil der von der ganzen
504 1081 2669 1167 Seyte CF hervorgebrachte Ton, nach der feſtgeſtellten Meynung, die
505 1170 2662 1254 Unterduodecime des Haupttons iſt.
678 1256 2670 1346 Folglich wuͤrde die Seyte CF, die ſich bey ihrer Erzitterung in
492 1346 2675 1434 die drey Theile CD, DE, EFzerfaͤllet, nichts anders, als den Einklang
504 1438 2673 1525 des Haupttons machen, wenn ſolche erklingen ſollte. Gleiche Be⸗
505 1529 2672 1616 wandniß hat es mit der Decime⸗Septime. (Man ſehe den §. 23
493 1618 759 1711 zuruͤck.)
1465 1709 1716 1792 §. 79.
680 1806 2672 1898 Folglich fuͤhret uns die Natur, indem ſie durch die Erzitterung
507 1901 2671 1985 dieſer Duodecime und Decime⸗ Septime die kleine Tonart anzeiget,
506 1983 2671 2080 zu gleicher Zeit ſo viel als moͤglich, zu dem Haupttone C zuruͤck, um
508 2072 2670 2164 die weiche oder kleine Tonart zu formiren; weil naͤmlich dieſe Duode⸗
511 2164 2669 2252 cime und Decime⸗ Septime, wenn ſie waͤhrender Erzitterung erklin⸗
509 2255 2609 2345 gen ſollten, nichts anders, als den Ton c hervorbringen wuͤrden.
1475 2384 1693 2469 §. 80.
686 2498 2666 2587 Es iſt zwar gewiß, daß der Hauptton in dieſer nenen Tonart
509 2588 2666 2676 nicht der Hauptton ſeyn wird, indem in C nur die große Terz e, nicht
511 2678 2663 2765 aber die kleine Terz es erklinget. Aber in Ermangelung dieſes
509 2769 2664 2855 Platzes, nimmt er denjenigen ein, der hier gewiſſermaßen der vor⸗
509 2857 2664 2943 nehmſte iſt, weil er die neue Tonart ausmachet, und ſolche von der
507 2945 2665 3037 großen unterſcheidet. Das C wird naͤmlich zur kleinen Terz des
508 3035 2664 3125 Grundtons, und dieſer Grundton wird a ſeyn. Noch mehr, die
507 3126 2662 3216 große Terz e von c wird zur Quinte des Grundtons; und die
511 3215 2665 3310 Quinte iſt es, wie wir geſehen haben, die ſowohl der Harmonie
2569 3312 2664 3380 als
