2973 3688
909 193 1942 315 Vorbericht des Ueberſetzers.
346 354 2487 454 bert ſein Syſtem erbauet, wider alle vernuͤnftige Einwendungen nicht
344 465 2484 557 daraus geſichert ſind: ſo hat es doch mit den daraus gefolgerten
346 569 2484 663 Saͤtzen in der Praxi ſeine Richtigkeit. Zum wenigſten bleibt das
343 673 2483 767 theoretiſche Syſtem des Herrn Rameau ſo lange das wahrſcheinlich
345 776 2484 873 ſte, bis uns jemand ein beſſers liefert, und die practiſchen Lehrſaͤtze
343 882 2483 972 daraus herleitet. Bloße unerhebliche Einwendungen zu machen, oder
344 987 2484 1079 einen dem Streite unterworfnen Lehrſatz mit einem andern nicht we
346 1092 2484 1179 niger bedenklichern zu verwechſeln, dazu wird eben kein Leibnitz er⸗
348 1182 2485 1284 fordert, und wer weis nicht, wie mancher nur bloß deswegen etwas
344 1300 2488 1387 tadelt, weil er nicht der Urheber davon iſt? Denn der Eigenſinn der
350 1402 2488 1490 Vorurtheile kann an dieſem Tadel wohl nicht allezeit Schuld ſeyn.
350 1509 2484 1596 Doch hiervon zu einer andern Zeit ein mehrers.
350 1611 2492 1695 Wegen meiner Ueberſetzung muß ich erinnern, daß ich ſolche ſo
351 1713 2493 1800 getreu als moͤglich gemachet, und mich keiner andern Freyheit als ei⸗
349 1816 2495 1903 ner ſolchen bedienet habe, wozu ein jeder berechtiget iſt, der den Nu⸗
353 1920 2496 2008 ten ſeiner Leſer zum Augenmerke hat. Jch habe dieſer Denkungs⸗
350 2025 2494 2114 art zu Folge nicht allein die aretiniſche Gamme, deren man ſich in
356 2129 2495 2220 Frankreich bedienet, in unſere Abeceleiter verwandelt, ſondern annoch
355 2227 2499 2321 gewiſſe weitlaͤuftige Demonſtrationen hin und wieder etwas kuͤrzer ge⸗
362 2338 2501 2423 faſſet. Am Ende ſind zween kurze Capitel, ſo wie verſchiedene an⸗
361 2441 2497 2526 dre Dinge an einigen Oertern, deswegen weggeblieben, weil ſie zu
365 2542 2500 2630 unſerer Abſicht unnothig waren. Nirgends aber habe ich den Ge⸗
363 2646 2498 2736 danken des Herrn Rameau die meinigen ſubſtituiret, ſondern da, wo
371 2747 2500 2837 mir fuͤr meine deutſchen Leſer eine kleine Abaͤnderung noͤthig zu ſeyn
370 2854 2503 2940 ſchien, ſolche nach dem Originale des Herrn Rameau ſelber, vorge⸗
372 2954 2500 3044 nommen. Meine Anmerkungen uͤber das Werk werden dazu dienen,
371 3057 2501 3149 verſchiedene Saͤtze und Gedanken des Verfaſſers in ein helleres Licht
375 3168 2391 3253 zu ſtellen.
412 3274 2506 3361 Einteit. in die muſic. Setzk.b Daß
