2973 3624
812 184 2111 276 der Oberſtimme gegen den Grundbaß.
2437 198 2523 273 89
402 341 2522 427 ten iſt: ſo muß dieſe Diſſonanz in eben derjenigen Partie diatoniſch
403 430 2524 522 herunterſteigen. Wenn aber die Baßnote eine Unterdominante iſt,
402 514 2522 605 und die Diſſonanz in der Oberſtimme ſtecket: ſo muß ſolche diatoniſch
402 597 2533 695 aufwaͤrts gehen. Man nennet dieſes eine Diſſonanz aufloͤſen
400 687 1801 786 (. 129. 130). Siehe Anmerk. (4).
1323 830 1603 912 §. 203.
576 930 2521 1025 Man kann hier annoch bemerken, wie nach denen vom Grund
389 1026 2523 1117 baſſe gegebenen Regeln, die Note, worauf die Diſſonanz herab⸗oder
394 1112 2522 1217 hinaufſteigen muß, allezeit in dem folgenden Accorde vorhanden ſeyn
401 1215 1773 1291 wird ).
755 1491 2443 1645 Achtes Capitel.
472 1636 2463 1771 Von dem Generalbaſſe und deſſen Regeln.
1326 1828 1608 1904 §. 204.
395 1930 603 2162 D
606 1925 2530 2017 er Generalbaß iſt nichts anders, als eine Folge von abwech⸗
625 2015 2530 2103 ſelnden Grundbaß- und umgekehrten Grundbaßnoten. Man
625 2101 2531 2194 kehret einen Accord um, wenn man die Ordnung der ihn aus⸗
409 2190 2534 2280 machenden Noten veraͤndert. Zum Exempel, wenn man den Accord
411 2271 2545 2378 g,h, d, f in h, d, f, g, oder d, f, g, h, oder f, g, h, d verwan⸗
409 2359 2536 2454 delt: ſo iſt der Accord umgekehrt. Laßt uns alſo zuforderſt alle moͤg⸗
413 2449 2169 2537 liche Umkehrungen dieſer Accorde betrachten.
2245 2554 2535 2657 Umkeh⸗
495 2755 1440 2822 as) Wenn die Oberſtimme ſyncopiret,
418 2832 1436 2899 und diatoniſch herunterſteigt: ſo muß
414 2914 1443 2980 der erſte Theil der Syncvpation den con⸗
416 2988 2453 3062 ſoddTydn PEp
421 3001 2455 3139 oate a aed eia t . P
2418 3181 2544 3237 Man
495 2755 1440 2822 as) Wenn die Oberſtimme ſyncopiret,
418 2832 1436 2899 und diatoniſch herunterſteigt: ſo muß
417 2914 1443 2980 der erſte Theil der Syncopation den con⸗
417 2988 1435 3060 ſonirenden, und der andre Theil den
421 3061 1363 3139 diſſonirenden Accord enthalten, z. E.
2418 3181 2544 3237 Man
496 3177 1858 3276 Einleit. in die muſic. Setzk. M
