<pc:PcGts xmlns:pc="http://schema.primaresearch.org/PAGE/gts/pagecontent/2019-07-15" xmlns:xsi="http://www.w3.org/2001/XMLSchema-instance" xsi:schemaLocation="http://schema.primaresearch.org/PAGE/gts/pagecontent/2019-07-15 http://schema.primaresearch.org/PAGE/gts/pagecontent/2019-07-15/pagecontent.xsd">
    <pc:Metadata>
        <pc:Creator>OCR-D/core 2.4.4</pc:Creator>
        <pc:Created>2021-01-10T21:39:58</pc:Created>
        <pc:LastChange>2021-01-10T21:39:58</pc:LastChange>
        <pc:MetadataItem type="processingStep" name="preprocessing/optimization/binarization" value="ocrd-olena-binarize">
            <pc:Labels>
                <pc:Label value="sauvola" type="impl"/>
                <pc:Label value="0.34" type="k"/>
                <pc:Label value="101" type="win-size"/>
            </pc:Labels>
        </pc:MetadataItem>
        <pc:MetadataItem type="processingStep" name="preprocessing/optimization/cropping" value="ocrd-anybaseocr-crop">
            <pc:Labels>
                <pc:Label value="True" type="force"/>
                <pc:Label value="0.04" type="colSeparator"/>
                <pc:Label value="0.3" type="maxRularArea"/>
                <pc:Label value="0.05" type="minArea"/>
                <pc:Label value="0.01" type="minRularArea"/>
                <pc:Label value="0.75" type="positionBelow"/>
                <pc:Label value="0.4" type="positionLeft"/>
                <pc:Label value="0.6" type="positionRight"/>
                <pc:Label value="10.0" type="rularRatioMax"/>
                <pc:Label value="3.0" type="rularRatioMin"/>
                <pc:Label value="0.95" type="rularWidth"/>
                <pc:Label value="page" type="operation_level"/>
            </pc:Labels>
        </pc:MetadataItem>
        <pc:MetadataItem type="processingStep" name="layout/segmentation/region" value="ocrd-tesserocr-segment-region">
            <pc:Labels externalModel="ocrd-tool" externalId="parameters">
                <pc:Label value="-1" type="dpi"/>
                <pc:Label value="True" type="overwrite_regions"/>
                <pc:Label value="0" type="padding"/>
                <pc:Label value="False" type="crop_polygons"/>
                <pc:Label value="True" type="find_tables"/>
                <pc:Label value="False" type="sparse_text"/>
            </pc:Labels>
        </pc:MetadataItem>
        <pc:MetadataItem type="processingStep" name="layout/segmentation/line" value="ocrd-tesserocr-segment-line">
            <pc:Labels externalModel="ocrd-tool" externalId="parameters">
                <pc:Label value="-1" type="dpi"/>
                <pc:Label value="True" type="overwrite_lines"/>
            </pc:Labels>
        </pc:MetadataItem>
        <pc:MetadataItem type="processingStep" name="layout/segmentation/region" value="ocrd-cis-ocropy-clip">
            <pc:Labels externalModel="ocrd-tool" externalId="parameters">
                <pc:Label value="line" type="level-of-operation"/>
                <pc:Label value="-1" type="dpi"/>
                <pc:Label value="0.7" type="min_fraction"/>
            </pc:Labels>
        </pc:MetadataItem>
        <pc:MetadataItem type="processingStep" name="recognition/text-recognition" value="ocrd-calamari-recognize">
            <pc:Labels externalModel="ocrd-tool" externalId="parameters">
                <pc:Label value="/data/models/calamari/GT4HistOCR/*.ckpt.json" type="checkpoint"/>
                <pc:Label value="confidence_voter_default_ctc" type="voter"/>
                <pc:Label value="line" type="textequiv_level"/>
                <pc:Label value="0.001" type="glyph_conf_cutoff"/>
            </pc:Labels>
        </pc:MetadataItem>
    </pc:Metadata>
    <pc:Page imageFilename="OCR-D-IMG/Marpurg_1757-063.png" imageWidth="2973" imageHeight="3704" type="content">
        <pc:AlternativeImage filename="OCR-D-IMG-BIN/OCR-D-BIN_Marpurg_1757-063-BIN_sauvola.png" comments="binarized"/>
        <pc:AlternativeImage filename="OCR-D-IMG-CROP/OCR-D-IMG-CROP_Marpurg_1757-063.png" comments="binarized,cropped"/>
        <pc:Border>
            <pc:Coords points="458,197 2644,197 2644,3371 458,3371"/>
        </pc:Border>
        <pc:ReadingOrder>
            <pc:OrderedGroup id="reading-order">
                <pc:RegionRefIndexed index="0" regionRef="region_id_0"/><pc:RegionRefIndexed index="1" regionRef="region_id_1"/><pc:RegionRefIndexed index="2" regionRef="region_id_2"/><pc:RegionRefIndexed index="3" regionRef="region_id_3"/><pc:RegionRefIndexed index="4" regionRef="region_id_4"/><pc:RegionRefIndexed index="5" regionRef="region_id_5"/><pc:RegionRefIndexed index="6" regionRef="region_id_6"/><pc:RegionRefIndexed index="7" regionRef="region_id_7"/><pc:RegionRefIndexed index="8" regionRef="region_id_8"/><pc:RegionRefIndexed index="9" regionRef="region_id_9"/><pc:RegionRefIndexed index="10" regionRef="region_id_10"/><pc:RegionRefIndexed index="11" regionRef="region_id_11"/><pc:RegionRefIndexed index="12" regionRef="region_id_12"/><pc:RegionRefIndexed index="13" regionRef="region_id_13"/><pc:RegionRefIndexed index="14" regionRef="region_id_14"/><pc:RegionRefIndexed index="15" regionRef="region_id_15"/></pc:OrderedGroup>
        </pc:ReadingOrder>
        <pc:TextRegion id="region_id_0" type="page-number"><pc:Coords points="445,308 445,204 561,204 561,308 445,308"/><pc:TextLine id="region_id_0_line0000"><pc:Coords points="445,308 445,204 561,204 561,308 445,308"/><pc:TextEquiv conf="0.9998683929443359"><pc:Unicode>44</pc:Unicode></pc:TextEquiv></pc:TextLine><pc:TextEquiv><pc:Unicode>44</pc:Unicode></pc:TextEquiv></pc:TextRegion><pc:TextRegion id="region_id_1" type="header"><pc:Coords points="994,314 994,172 2074,172 2074,314 994,314"/><pc:TextLine id="region_id_1_line0000"><pc:Coords points="994,314 994,172 2074,172 2074,314 994,314"/><pc:TextEquiv conf="0.9713597893714905"><pc:Unicode>lBuch. X Cap. Von der</pc:Unicode></pc:TextEquiv></pc:TextLine><pc:TextEquiv><pc:Unicode>lBuch. X Cap. Von der</pc:Unicode></pc:TextEquiv></pc:TextRegion><pc:TextRegion id="region_id_2" type="heading" custom="level_3"><pc:Coords points="1440,443 1440,327 1692,327 1692,443 1440,443"/><pc:TextLine id="region_id_2_line0000"><pc:Coords points="1440,443 1440,327 1692,327 1692,443 1440,443"/><pc:TextEquiv conf="0.9982731342315674"><pc:Unicode>§. 86.</pc:Unicode></pc:TextEquiv></pc:TextLine><pc:TextEquiv><pc:Unicode>§. 86.</pc:Unicode></pc:TextEquiv></pc:TextRegion><pc:TextRegion id="region_id_3" type="paragraph"><pc:Coords points="425,443 425,1271 2662,1271 2662,443 425,443"/><pc:TextLine id="region_id_3_line0000"><pc:Coords points="425,443 425,1271 2662,1271 2662,443 425,443"/><pc:TextEquiv conf="0.9988434314727783"><pc:Unicode>Man bemerket zwiſchen dieſer Leiter,</pc:Unicode></pc:TextEquiv></pc:TextLine><pc:TextLine id="region_id_3_line0001"><pc:Coords points="425,443 425,1271 2662,1271 2662,443 425,443"/><pc:TextEquiv conf="0.9379485249519348"><pc:Unicode>gis, a, h c, d, e, f,</pc:Unicode></pc:TextEquiv></pc:TextLine><pc:TextLine id="region_id_3_line0002"><pc:Coords points="425,443 425,1271 2662,1271 2662,443 425,443"/><pc:TextEquiv conf="0.9994434118270874"><pc:Unicode>und der mit ihr uͤbereinkommenden aus der harten Tonart:</pc:Unicode></pc:TextEquiv></pc:TextLine><pc:TextLine id="region_id_3_line0003"><pc:Coords points="425,443 425,1271 2662,1271 2662,443 425,443"/><pc:TextEquiv conf="0.9450112581253052"><pc:Unicode>h,c, d, e, fg, a</pc:Unicode></pc:TextEquiv></pc:TextLine><pc:TextLine id="region_id_3_line0004"><pc:Coords points="425,443 425,1271 2662,1271 2662,443 425,443"/><pc:TextEquiv conf="0.9978867769241333"><pc:Unicode>ſogleich dieſen Unterſcheid: daß die beyden lezten Toͤne der erſten</pc:Unicode></pc:TextEquiv></pc:TextLine><pc:TextLine id="region_id_3_line0005"><pc:Coords points="425,443 425,1271 2662,1271 2662,443 425,443"/><pc:TextEquiv conf="0.9936878681182861"><pc:Unicode>Tonleiter, e und f, nur einen halben Ton unter ſich machen, anſtatt</pc:Unicode></pc:TextEquiv></pc:TextLine><pc:TextLine id="region_id_3_line0006"><pc:Coords points="425,443 425,1271 2662,1271 2662,443 425,443"/><pc:TextEquiv conf="0.9962427616119385"><pc:Unicode>daß zwiſchen den beyden lezten Toͤnen der zweyten Tonleiter, g und</pc:Unicode></pc:TextEquiv></pc:TextLine><pc:TextLine id="region_id_3_line0007"><pc:Coords points="425,443 425,1271 2662,1271 2662,443 425,443"/><pc:TextEquiv conf="0.9955152273178101"><pc:Unicode>a ein ganzer Ton vorhanden iſt. Aber es iſt dieſes nicht der einzige Un</pc:Unicode></pc:TextEquiv></pc:TextLine><pc:TextLine id="region_id_3_line0008"><pc:Coords points="425,443 425,1271 2662,1271 2662,443 425,443"/><pc:TextEquiv conf="0.9995943903923035"><pc:Unicode>terſcheid dieſer beyden Tonarten.</pc:Unicode></pc:TextEquiv></pc:TextLine><pc:TextEquiv><pc:Unicode>Man bemerket zwiſchen dieſer Leiter,
gis, a, h c, d, e, f,
und der mit ihr uͤbereinkommenden aus der harten Tonart:
h,c, d, e, fg, a
ſogleich dieſen Unterſcheid: daß die beyden lezten Toͤne der erſten
Tonleiter, e und f, nur einen halben Ton unter ſich machen, anſtatt
daß zwiſchen den beyden lezten Toͤnen der zweyten Tonleiter, g und
a ein ganzer Ton vorhanden iſt. Aber es iſt dieſes nicht der einzige Un
terſcheid dieſer beyden Tonarten.</pc:Unicode></pc:TextEquiv></pc:TextRegion><pc:MusicRegion id="region_id_4" custom="tablatureNotation"><pc:Coords points="1162,624 1162,527 1906,527 1906,624 1162,624"/><pc:TextEquiv><pc:Unicode/></pc:TextEquiv></pc:MusicRegion><pc:MusicRegion id="region_id_5" custom="tablatureNotation"><pc:Coords points="1188,818 1188,728 1906,728 1906,818 1188,818"/><pc:TextEquiv><pc:Unicode/></pc:TextEquiv></pc:MusicRegion><pc:TextRegion id="region_id_6" type="heading" custom="level_3"><pc:Coords points="1408,1368 1408,1284 1686,1284 1686,1368 1408,1368"/><pc:TextLine id="region_id_6_line0000"><pc:Coords points="1408,1368 1408,1284 1686,1284 1686,1368 1408,1368"/><pc:TextEquiv conf="0.9933345913887024"><pc:Unicode>§. 87.</pc:Unicode></pc:TextEquiv></pc:TextLine><pc:TextEquiv><pc:Unicode>§. 87.</pc:Unicode></pc:TextEquiv></pc:TextRegion><pc:TextRegion id="region_id_7" type="paragraph"><pc:Coords points="432,1361 432,2907 2688,2907 2688,1361 432,1361"/><pc:TextLine id="region_id_7_line0000"><pc:Coords points="432,1361 432,2907 2688,2907 2688,1361 432,1361"/><pc:TextEquiv conf="0.9952882528305054"><pc:Unicode>Um dieſe Unterſchiede zu entwickeln, und die Urſache davon an⸗</pc:Unicode></pc:TextEquiv></pc:TextLine><pc:TextLine id="region_id_7_line0001"><pc:Coords points="432,1361 432,2907 2688,2907 2688,1361 432,1361"/><pc:TextEquiv conf="0.9992469549179077"><pc:Unicode>zugeben, wollen wir damit den Anfang machen, daß wir eine, mit</pc:Unicode></pc:TextEquiv></pc:TextLine><pc:TextLine id="region_id_7_line0002"><pc:Coords points="432,1361 432,2907 2688,2907 2688,1361 432,1361"/><pc:TextEquiv conf="0.9924852848052979"><pc:Unicode>der zweyten harten Tonleiter uͤbereinkommende, neue diatoniſche wei⸗</pc:Unicode></pc:TextEquiv></pc:TextLine><pc:TextLine id="region_id_7_line0003"><pc:Coords points="432,1361 432,2907 2688,2907 2688,1361 432,1361"/><pc:TextEquiv conf="0.9996047019958496"><pc:Unicode>che Tonleiter formiren. Die harte Tonleiter iſt:</pc:Unicode></pc:TextEquiv></pc:TextLine><pc:TextLine id="region_id_7_line0004"><pc:Coords points="432,1361 432,2907 2688,2907 2688,1361 432,1361"/><pc:TextEquiv conf="0.8282678723335266"><pc:Unicode>c, h c,</pc:Unicode></pc:TextEquiv></pc:TextLine><pc:TextLine id="region_id_7_line0005"><pc:Coords points="432,1361 432,2907 2688,2907 2688,1361 432,1361"/><pc:TextEquiv conf="0.9978402853012085"><pc:Unicode>Dieſe Leiter iſt, wie wir geſehen haben, mit Huͤlfe des Grundbaßes</pc:Unicode></pc:TextEquiv></pc:TextLine><pc:TextLine id="region_id_7_line0006"><pc:Coords points="432,1361 432,2907 2688,2907 2688,1361 432,1361"/><pc:TextEquiv conf="0.9813769459724426"><pc:Unicode>f, c, g, d, in folgender Stellung, gebildet worden:</pc:Unicode></pc:TextEquiv></pc:TextLine><pc:TextLine id="region_id_7_line0007"><pc:Coords points="432,1361 432,2907 2688,2907 2688,1361 432,1361"/><pc:TextEquiv conf="0.8486834764480591"><pc:Unicode>c g,c, f c; g, d, g, c.</pc:Unicode></pc:TextEquiv></pc:TextLine><pc:TextLine id="region_id_7_line0008"><pc:Coords points="432,1361 432,2907 2688,2907 2688,1361 432,1361"/><pc:TextEquiv conf="0.9768816828727722"><pc:Unicode>Wir nehmen den Grundbaß d, a, e, h, und ſtellen ihn folgender⸗</pc:Unicode></pc:TextEquiv></pc:TextLine><pc:TextLine id="region_id_7_line0009"><pc:Coords points="432,1361 432,2907 2688,2907 2688,1361 432,1361"/><pc:TextEquiv conf="0.9994703531265259"><pc:Unicode>geſtalt:</pc:Unicode></pc:TextEquiv></pc:TextLine><pc:TextLine id="region_id_7_line0010"><pc:Coords points="432,1361 432,2907 2688,2907 2688,1361 432,1361"/><pc:TextEquiv conf="0.9103663563728333"><pc:Unicode>a, e a, d, a; e, h, e, a.</pc:Unicode></pc:TextEquiv></pc:TextLine><pc:TextLine id="region_id_7_line0011"><pc:Coords points="432,1361 432,2907 2688,2907 2688,1361 432,1361"/><pc:TextEquiv conf="0.9995354413986206"><pc:Unicode>Hieraus entſpringet folgende Leiter:</pc:Unicode></pc:TextEquiv></pc:TextLine><pc:TextLine id="region_id_7_line0012"><pc:Coords points="432,1361 432,2907 2688,2907 2688,1361 432,1361"/><pc:TextEquiv conf="0.9422370195388794"><pc:Unicode>a, h,c, d, e; e ſis, gis, a</pc:Unicode></pc:TextEquiv></pc:TextLine><pc:TextLine id="region_id_7_line0013"><pc:Coords points="432,1361 432,2907 2688,2907 2688,1361 432,1361"/><pc:TextEquiv conf="0.9911335110664368"><pc:Unicode>C machet darinnen eine kleine Terz gegen das ihm zugehoͤrige a aus</pc:Unicode></pc:TextEquiv></pc:TextLine><pc:TextLine id="region_id_7_line0014"><pc:Coords points="432,1361 432,2907 2688,2907 2688,1361 432,1361"/><pc:TextEquiv conf="0.9993026852607727"><pc:Unicode>dem Grundbaße, und dieſes characteriſiret die kleine Tonart. Gis</pc:Unicode></pc:TextEquiv></pc:TextLine><pc:TextLine id="region_id_7_line0015"><pc:Coords points="432,1361 432,2907 2688,2907 2688,1361 432,1361"/><pc:TextEquiv conf="0.9922820329666138"><pc:Unicode>machet hingegen eine große Terz gegen e aus dem Grundbaße, weil</pc:Unicode></pc:TextEquiv></pc:TextLine><pc:TextLine id="region_id_7_line0016"><pc:Coords points="432,1361 432,2907 2688,2907 2688,1361 432,1361"/><pc:TextEquiv conf="0.9665497541427612"><pc:Unicode>gis zu a hinaufſteiget (§. 77.).</pc:Unicode></pc:TextEquiv></pc:TextLine><pc:TextEquiv><pc:Unicode>Um dieſe Unterſchiede zu entwickeln, und die Urſache davon an⸗
zugeben, wollen wir damit den Anfang machen, daß wir eine, mit
der zweyten harten Tonleiter uͤbereinkommende, neue diatoniſche wei⸗
che Tonleiter formiren. Die harte Tonleiter iſt:
c, h c,
Dieſe Leiter iſt, wie wir geſehen haben, mit Huͤlfe des Grundbaßes
f, c, g, d, in folgender Stellung, gebildet worden:
c g,c, f c; g, d, g, c.
Wir nehmen den Grundbaß d, a, e, h, und ſtellen ihn folgender⸗
geſtalt:
a, e a, d, a; e, h, e, a.
Hieraus entſpringet folgende Leiter:
a, h,c, d, e; e ſis, gis, a
C machet darinnen eine kleine Terz gegen das ihm zugehoͤrige a aus
dem Grundbaße, und dieſes characteriſiret die kleine Tonart. Gis
machet hingegen eine große Terz gegen e aus dem Grundbaße, weil
gis zu a hinaufſteiget (§. 77.).</pc:Unicode></pc:TextEquiv></pc:TextRegion><pc:MusicRegion id="region_id_8" custom="tablatureNotation"><pc:Coords points="1110,1820 1110,1717 2022,1717 2022,1820 1110,1820"/><pc:TextEquiv><pc:Unicode/></pc:TextEquiv></pc:MusicRegion><pc:MusicRegion id="region_id_9" custom="tablatureNotation"><pc:Coords points="1104,2092 1104,1995 2016,1995 2016,2092 1104,2092"/><pc:TextEquiv><pc:Unicode/></pc:TextEquiv></pc:MusicRegion><pc:MusicRegion id="region_id_10" custom="tablatureNotation"><pc:Coords points="1078,2364 1078,2267 2035,2267 2035,2364 1078,2364"/><pc:TextEquiv><pc:Unicode/></pc:TextEquiv></pc:MusicRegion><pc:MusicRegion id="region_id_11" custom="tablatureNotation"><pc:Coords points="1026,2551 1026,2448 2080,2448 2080,2551 1026,2551"/><pc:TextEquiv><pc:Unicode/></pc:TextEquiv></pc:MusicRegion><pc:TextRegion id="region_id_12" type="heading" custom="level_3"><pc:Coords points="1401,3010 1401,2913 1699,2913 1699,3010 1401,3010"/><pc:TextLine id="region_id_12_line0000"><pc:Coords points="1401,3010 1401,2913 1699,2913 1699,3010 1401,3010"/><pc:TextEquiv conf="0.9971113204956055"><pc:Unicode>§. 88.</pc:Unicode></pc:TextEquiv></pc:TextLine><pc:TextEquiv><pc:Unicode>§. 88.</pc:Unicode></pc:TextEquiv></pc:TextRegion><pc:TextRegion id="region_id_13" type="paragraph"><pc:Coords points="432,3269 432,3010 2669,3010 2669,3269 432,3269"/><pc:TextLine id="region_id_13_line0000"><pc:Coords points="432,3269 432,3010 2669,3010 2669,3269 432,3269"/><pc:TextEquiv conf="0.9992547631263733"><pc:Unicode>Man bemerket in dieſer Leiter annoch ein in der erſtern nicht</pc:Unicode></pc:TextEquiv></pc:TextLine><pc:TextLine id="region_id_13_line0001"><pc:Coords points="432,3269 432,3010 2669,3010 2669,3269 432,3269"/><pc:TextEquiv conf="0.9754965305328369"><pc:Unicode>vorhandenes fis. Denn in</pc:Unicode></pc:TextEquiv></pc:TextLine><pc:TextLine id="region_id_13_line0002"><pc:Coords points="432,3269 432,3010 2669,3010 2669,3269 432,3269"/><pc:TextEquiv conf="0.8527845740318298"><pc:Unicode>gis a, bc, d e, f</pc:Unicode></pc:TextEquiv></pc:TextLine><pc:TextEquiv><pc:Unicode>Man bemerket in dieſer Leiter annoch ein in der erſtern nicht
vorhandenes fis. Denn in
gis a, bc, d e, f</pc:Unicode></pc:TextEquiv></pc:TextRegion><pc:MusicRegion id="region_id_14" custom="tablatureNotation"><pc:Coords points="1156,3191 1156,3269 1938,3269 1938,3191 1156,3191"/><pc:TextEquiv><pc:Unicode/></pc:TextEquiv></pc:MusicRegion><pc:TextRegion id="region_id_15" type="footer"><pc:Coords points="2539,3379 2539,3262 2682,3262 2682,3379 2539,3379"/><pc:TextLine id="region_id_15_line0000"><pc:Coords points="2539,3379 2539,3262 2682,3262 2682,3379 2539,3379"/><pc:TextEquiv conf="0.9394034743309021"><pc:Unicode>iſt</pc:Unicode></pc:TextEquiv></pc:TextLine><pc:TextEquiv><pc:Unicode>iſt</pc:Unicode></pc:TextEquiv></pc:TextRegion></pc:Page>
</pc:PcGts>