2973 3700
426 217 549 333 84
678 184 2312 301 II Buch. V Cap. Regeln des Grundbaſſes.
433 346 2642 553 Accorde ſchon gehoͤret worden ſeyn, die Diſſonanz d mag darinnen
433 346 2642 553 vorhanden ſeyn oder nicht.
1234 572 1828 702 Vierte Regel.
426 721 2642 1353 Jede ſimple oder toniſche Dominante muß eine Quinte abwaͤrts
426 721 2642 1353 gehen. Jn dem erſten Falle, das iſt, wenn nur eine ſimple Domi⸗
426 721 2642 1353 nante da iſt, ſo muß die darauf folgende Note eine Dominante ſeyn.
426 721 2642 1353 Jn dem andern Falle kann ſie ſeyn was ſie will, das iſt, eine toniſche
426 721 2642 1353 Note, eine toniſche Dominante, ſimple Dominante oder Unterdo⸗
426 721 2642 1353 minante. Man muß gleichwohl die zweyte Regel in Acht nehmen,
426 721 2642 1353 wenn ſie eine ſimple Dominante iſt.
426 1379 2648 2445 Dieſe letztere Bedingung iſt noͤthig, wie man ſehen wird,
426 1379 2648 2445 Denn ſetzet die beyden auf einander folgenden Accorde a, cis, e, g
426 1379 2648 2445 und d, f, a, c. Dieſe Folge iſt nicht gut, obgleich die erſte Do⸗
426 1379 2648 2445 minante eine Quinte herunterſteiget, weil das c, welches in dem
426 1379 2648 2445 zweyten Accorde diſſoniret, und welches einer ſimplen Dominante zu⸗
426 1379 2648 2445 gehoͤret, in dem vorhergehenden Accorde nicht begriffen iſt. Die
426 1379 2648 2445 Folge aber wuͤrde gut ſeyn, wenn man, ohne den zweyten Accord zu
426 1379 2648 2445 deraͤndern, in dem erſten das tis in c verwandelte; oder, wenn man,
426 1379 2648 2445 ohne den erſten Accord zu veraͤndern, das f und c des zweyten Ac⸗
426 1379 2648 2445 cords in fis und cis verwandelte; oder endlich, wenn man ſchlecht
426 1379 2648 2445 weg das D in dem zweyten Accorde zu einer toniſchen Dominante
426 1379 2648 2445 machte, und bloß das f in fis verwandelte (§. 119. 122).
452 2484 2646 2798 Es geſchieht auch der zweyten Regel zu Folge, daß nachſtehen⸗
452 2484 2646 2798 de zween Accorde einander nicht folgen koͤnnen:
452 2484 2646 2798 d, f, a, c, und g, h, d, fis.
1228 2814 1841 2943 Fuͤnfte Regel.
450 2945 2638 3240 Jede Unterdominante ſoll eine Quinte aufwaͤrts gehen, und die
450 2945 2638 3240 darauf folgende Note kann willkuͤhrlich entweder eine toniſche Note,
450 2945 2638 3240 vder eine toniſche Dominante, oder eine Unterdominante ſeyn.
2327 3247 2632 3342 Anmer⸗
