2973 3634
445 149 2431 283 1Buch. XVII Cap. Von demchromot. Klanggeſchlechte.
2437 168 2526 257 6
1308 333 1612 422 §. 140.
344 410 2539 873 Wenn der Grundbaß mit kleinen Terzen fortgienge, als c, es:
344 410 2539 873 ſo wuͤrde man den Geſang g, ges, und dadurch zugleich annoch einen
344 410 2539 873 kleinen halben Ton erhalten a). Es iſt dieſe Fortſchreitung aber
344 410 2539 873 erlaubt, ſobald man den Urſprung der weichen Tonart erkennet.
344 410 2539 873 (Cap. X.).
1308 873 1593 955 §. 14I.
350 949 2539 1926 Der kleine halbe Ton laͤſſet ſich mit weit weniger Leichtigkeit ſin⸗
350 949 2539 1926 gen, als der große halbe Ton. Unſere Grundſaͤtze geben davon die
350 949 2539 1926 Urſache an. Der große halbe Ton, der in der diatoniſchen Leiter
350 949 2539 1926 von e zu f vorhanden iſt, entſpringet aus dem Grundbaſſe mit Quin⸗
350 949 2539 1926 ten, c,f, und folglich aus der natuͤrlichſten, und aus dieſer Urſache
350 949 2539 1926 der angenehmſten Folge. Der kleine halbe Ton hingegen entſpringet
350 949 2539 1926 aus dem Grundbaſſe mit Terzen, der weniger natuͤrlich, als der vor⸗
350 949 2539 1926 hergehende iſt. Man bedienet ſich auch insgemein des folgenden
350 949 2539 1926 Kunſtſtuͤcks, um den kleinen halben Ton rein anzuſtimmen. Setzet
350 949 2539 1926 z. E. daß man von g zu gis hinaufſteigen wolle: ſo ſteiget man zu⸗
350 949 2539 1926 foͤrderſt von a zu a hinauf, und hernach vermittelſt eines großen hal⸗
2386 1932 2519 2014 ben
356 2072 1428 2845 ſammengenommen, den kleinen ganzen
356 2072 1428 2845 Ton machet, das iſt; wenn man z. E.
356 2072 1428 2845 vom e zum f und hernach vom f zum fis
356 2072 1428 2845 hinaufſteiget: ſo machet das Jntervall
356 2072 1428 2845 e: fis einen kleinen ganzen Ton; Denn
356 2072 1428 2845 ſetzet, daß e 1 iſt, ſo iſt f , und fis
356 2072 1428 2845 wird ſeyn aus 4, das iſt, 25 mal 16
356 2072 1428 2845 dividiret mit 24 mal 15, oder , und
356 2072 1428 2845 dieſes Jntervall machet den kleinen
356 2072 1428 2845 ganzen Ton. (Anmerk. p) 28.
356 2852 1428 3150 Was den großen ganzen Ton be⸗
356 2852 1428 3150 trift: ſo kann ſelbiger nicht aufs genaue⸗
356 2852 1428 3150 ſle aus den zween halben Toͤnen formiret
356 2852 1428 3150 werden. Denn
420 3156 1422 3308 ) Zween große halbe Toͤne geben mehr
420 3156 1422 3308 als einen großen ganzen Ton. Naͤm⸗
1517 2066 2539 2826 lich 4 mit ſich ſelbſt multipliciret
1517 2066 2539 2826 giebet 34, und dieſer Bruch iſt
1517 2066 2539 2826 groͤßer als , woraus der große
1517 2066 2539 2826 ganze Ton beſtehet (29.
1517 2066 2539 2826 2) Ein großer und kleiner halbe Ton
1517 2066 2539 2826 geben weniger, als einen großen gan⸗
1517 2066 2539 2826 zen Ton, indem ſie den kleinen
1517 2066 2539 2826 ganzen Ton geben (30.
1517 2066 2539 2826 3) Zween kleine halbe Toͤne wuͤrden
1517 2066 2539 2826 folalich noch weniger geben (1).
1454 2833 2513 3302 ciei
1454 2833 2513 3302 aus 4 ſeyn, das iſt (Anmerk.)
1454 2833 2513 3302 und g wird ſeyn 4. Nun iſt die Diffe⸗
1454 2833 2513 3302 renz zwiſchen und 4 (Anmerk. d)
1454 2833 2513 3302 3 mal 25 gegen 2 mal 36, das iſt, 2ʒ ge⸗
1454 2833 2513 3302 gen 24. Folglich c.
332 2040 2583 3347 ſammengenommen, den kleinen ganzen lich 4 mit ſich ſelbſt multipliciret
332 2040 2583 3347 Ton machet, das iſt; wenn man z. E. giebet 43, und dieſer Bruch iſt
332 2040 2583 3347 vom e zum f und hernach vom f zum fis groͤßer als , woraus der große
332 2040 2583 3347 hinaufſteiget: ſo machet das Jntervall ganze Ton beſtehet (29.
332 2040 2583 3347 e: fis einen kleinen ganzen Ton; Denn 2) Ein großer und kleiner halbe Ton
332 2040 2583 3347 ſetzet, daß e 1iſt, ſo iſt f , und fis geben weniger, als einen großen gan⸗
332 2040 2583 3347 wird ſeyn aus 3, das iſt, 25 mal 16 zen Ton, indem ſie den kleinen
332 2040 2583 3347 dividiret mit 24 mal 15, oder , und ganzen Ton geben (30).
332 2040 2583 3347 dieſes Jntervall machet den kleinen 3 Zween kleine halbe Toͤne wuͤrden
332 2040 2583 3347 ganzen Ton. (Anmerk. p) (28). folglich noch weniger geben (3.
332 2040 2583 3347 : .e e:azec
332 2040 2583 3347 trift. ſo kann ſelbiger nicht aufs genaue. aus ſeyn, das iſt (Anmerk.)
332 2040 2583 3347 ſle aus den zween halben Toͤnen formiret und g wird ſeyn 4. Nun iſt die Diffe⸗
332 2040 2583 3347 werden. Denn renz zwiſchen und 4 (Anmerk. d)
332 2040 2583 3347 1) Zween große halbe Toͤne geben mehr 3 mal 25 gegen 2 mal 36, das iſt, 2ʒ ge⸗
332 2040 2583 3347 als einen großen ganzen Ton. Naͤm⸗ gen 24. Folglich rc.
