2973 3740
478 176 544 238 6
1302 171 1814 268 Vorbereitung.
1460 331 1710 410 §. 14.
683 421 2678 510 Da das zweyte d der neunte Ton von dem erſten c iſt: ſo wird
499 513 2678 602 dieſes Jntervall eine None genennet, und dieſe None beſteht aus ſechs
499 605 2677 692 ganzen und zweenen halben Toͤnen. Aus eben dieſer Urſache wird das
499 692 2679 785 Jntervall c: f eine Undecime, das Jntervall c: g eine Duodecime,
497 787 1024 866 u. ſ. w. genennet.
492 863 2678 971 Man ſieht augenſcheinlich, daß die None die Octave von der
494 965 2679 1071 Secunde; die Undecime die Octave von der Quarte, und die
490 1056 2645 1143 Duodecime die Octave von der Quinte iſt.
672 1145 2675 1240 Die Octave von der Octave wird eine Doppeloctave; die
493 1234 2555 1323 Octave der Doppeloctave eine dreyfache Oetave u. ſ. w. genennet.
670 1326 2672 1414 Die Doppeloctave wird auch die Decime⸗Quinte, oder Quint⸗
492 1414 2673 1503 Decime; und aus gleichem Grunde die Doppeloctave der Terz die
491 1504 2671 1592 Decime⸗Septime; und die Doppeloctave der Quinte die Decime⸗
487 1593 2629 1687 None genennet, u. ſ.w. ).
2472 1686 2674 1762 Vier⸗
489 1819 2675 1890 b Wir wollen zwo klingende Seyten Seyte iſt, deſto mehr Vibrationen ſolche
484 1901 2673 1970 von gleicher Materie, Dicke und Span⸗ in einer gewiſſen Zeit macht, z. E. in ˖ ei⸗
487 1974 2674 2049 nung, aber ungleicher Laͤnge ſetzen. Die ner Stunde, Minute oder Secunde rc. daß
488 2057 2674 2129 Erfahrung wird zeigen, folglich eine Seyte, die um ein Drittheil
565 2128 2671 2213 1) daß, wenn die kleinſte Seyte gerade kuͤrzer als eine andere iſt, dreymal vi⸗
503 2213 2672 2287 halb ſo lang als die groͤßte iſt, der brirt, waͤhrender Zeit die groͤßere es nur
642 2295 2670 2365 Ton, den ſie hervorbringet, die einmal thut. Auf gleiche Art macht
645 2371 2668 2445 Oberoctave von dem Tone der groͤſ⸗ eine Seyte, die um die Haͤlfte kleiner als
570 2447 2670 2523 ,ſern Seyte geben wird. eine andere iſt, zwo Vibrationen, wah⸗
566 2532 2668 2617 2) Daß, wenn die kleinſte Seyte um render Zeit dieſe nur eine macht, und eine
643 2606 2670 2680 ein Drittheil kuͤrzer als die groͤß⸗ Seyte, die nur um ein Fuͤnftheil ſo groß
646 2686 2667 2765 te iſt, ſie die Oberduodecime ge⸗ waͤre, wuͤrde in dieſer Zeit fuͤnf Vibra⸗
646 2771 2638 2842 gen die groͤßere Seyte machen wird. tionen vollbringen.
569 2850 2669 2923 3) Daß, wenn die kleinſte Seyte um Hieraus folget, daß der Ton einer
646 2928 2667 3001 ein Fuͤnftheil kuͤrzer als die groͤßte Seyte deſto hoͤher oder tiefer iſt, je mehr
652 3010 2667 3082 iſt, die Oberdecime⸗Septime gegen oder weniger die Seyte in einer gewiſſen
647 3089 2517 3163 den Ton der groͤßern Seyte zum Zeit vibrirt, z. E. in einer Secunde.
640 3162 2665 3237 Vorſcheine kommen wird. Wenn man alſo einen Ton, er ſey wer
565 3246 2669 3321 Es iſt fener eine erwieſene und uͤberall er wolle, durch die Ziffer 1 vorſtellet, ſo
486 3328 2670 3404 bekannte Wahrheit, daß, je kuͤrzer eine kann man ſeine Oberoctave durch 2 vor⸗
489 1820 1548 1889 b Wir wollen zwo klingende Seyten
484 1901 1548 1968 von gleicher Materie, Dicke und Span⸗
487 1974 1547 2049 nung, aber ungleicher Laͤnge ſetzen. Die
488 2062 1104 2125 Erfahrung wird zeigen,
565 2135 1549 2213 1) daß, wenn die kleinſte Seyte gerade
646 2216 1550 2287 halb ſo lang als die groͤßte iſt, der
642 2297 1547 2365 Ton, den ſie hervorbringet, die
645 2376 1543 2444 Oberoctave von dem Tone der groͤſ⸗
570 2456 1242 2522 ,ſern Seyte geben wird.
566 2533 1538 2617 2) Daß, wenn die kleinſte Seyte um
643 2610 1540 2680 ein Drittheil kuͤrzer als die groͤß⸗
646 2693 1541 2765 te iſt, ſie die Oberduodecime ge⸗
646 2773 1543 2842 gen die groͤßere Seyte machen wird.
569 2850 1544 2923 3) Daß, wenn die kleinſte Seyte um
646 2928 1546 3000 ein Fuͤnftheil kuͤrzer als die groͤßte
652 3012 1547 3082 iſt, die Oberdecime⸗ Septime gegen
647 3093 1547 3163 den Ton der groͤßern Seyte zum
640 3172 1304 3233 Vorſcheine kommen wird.
565 3247 1548 3316 Es iſt fener eine erwieſene und uͤberall
486 3328 1548 3404 bekannte Wahrheit, daß, je kuͤrzer eine
1615 1819 2675 1890 Seyte iſt, deſto mehr Vibrationen ſolche
1613 1901 2673 1970 in einer gewiſſen Zeit macht, z. E. in ˖ ei⸗
1611 1978 2674 2046 ner Stunde, Minute oder Secunde rc. daß
1612 2057 2674 2125 folglich eine Seyte, die um ein Drittheil
1611 2128 2671 2205 kuͤrzer als eine andere iſt, dreymal vi⸗
1612 2213 2672 2286 brirt, waͤhrender Zeit die groͤßere es nur
1613 2295 2670 2360 einmal thut. Auf gleiche Art macht
1610 2371 2668 2445 eine Seyte, die um die Haͤlfte kleiner als
1605 2447 2670 2523 eine andere iſt, zwo Vibrationen, wah⸗
1603 2532 2668 2600 render Zeit dieſe nur eine macht, und eine
1608 2606 2670 2677 Seyte, die nur um ein Fuͤnftheil ſo groß
1610 2686 2667 2761 waͤre, wuͤrde in dieſer Zeit fuͤnf Vibra⸗
1606 2771 2638 2838 tionen vollbringen.
1693 2850 2669 2920 Hieraus folget, daß der Ton einer
1613 2929 2667 3001 Seyte deſto hoͤher oder tiefer iſt, je mehr
1612 3010 2667 3076 oder weniger die Seyte in einer gewiſſen
1612 3089 2517 3147 Zeit vibrirt, z. E. in einer Secunde.
1611 3157 2665 3237 Wenn man alſo einen Ton, er ſey wer
1612 3246 2669 3321 er wolle, durch die Ziffer 1 vorſtellet, ſo
1610 3329 2670 3397 kann man ſeine Oberoctave durch 2 vor⸗
2508 3406 2673 3478 ſtellen,
