<?xml version="1.0" encoding="UTF-8"?>
<pc:PcGts xmlns:pc="http://schema.primaresearch.org/PAGE/gts/pagecontent/2019-07-15"  xmlns:xsi="http://www.w3.org/2001/XMLSchema-instance" xsi:schemaLocation="http://schema.primaresearch.org/PAGE/gts/pagecontent/2019-07-15 http://schema.primaresearch.org/PAGE/gts/pagecontent/2019-07-15/pagecontent.xsd">
    <pc:Metadata>
        <pc:Creator>OCR-D/core 2.4.4</pc:Creator>
        <pc:Created>2021-01-10T21:39:14</pc:Created>
        <pc:LastChange>2021-01-10T21:39:14</pc:LastChange>
        <pc:MetadataItem type="processingStep" name="preprocessing/optimization/binarization" value="ocrd-olena-binarize">
            <pc:Labels>
                <pc:Label value="sauvola" type="impl"/>
                <pc:Label value="0.34" type="k"/>
                <pc:Label value="101" type="win-size"/>
            </pc:Labels>
        </pc:MetadataItem>
        <pc:MetadataItem type="processingStep" name="preprocessing/optimization/cropping" value="ocrd-anybaseocr-crop">
            <pc:Labels>
                <pc:Label value="True" type="force"/>
                <pc:Label value="0.04" type="colSeparator"/>
                <pc:Label value="0.3" type="maxRularArea"/>
                <pc:Label value="0.05" type="minArea"/>
                <pc:Label value="0.01" type="minRularArea"/>
                <pc:Label value="0.75" type="positionBelow"/>
                <pc:Label value="0.4" type="positionLeft"/>
                <pc:Label value="0.6" type="positionRight"/>
                <pc:Label value="10.0" type="rularRatioMax"/>
                <pc:Label value="3.0" type="rularRatioMin"/>
                <pc:Label value="0.95" type="rularWidth"/>
                <pc:Label value="page" type="operation_level"/>
            </pc:Labels>
        </pc:MetadataItem>
        <pc:MetadataItem type="processingStep" name="layout/segmentation/region" value="ocrd-tesserocr-segment-region">
            <pc:Labels externalModel="ocrd-tool" externalId="parameters">
                <pc:Label value="-1" type="dpi"/>
                <pc:Label value="True" type="overwrite_regions"/>
                <pc:Label value="0" type="padding"/>
                <pc:Label value="False" type="crop_polygons"/>
                <pc:Label value="True" type="find_tables"/>
                <pc:Label value="False" type="sparse_text"/>
            </pc:Labels>
        </pc:MetadataItem>
        <pc:MetadataItem type="processingStep" name="layout/segmentation/line" value="ocrd-tesserocr-segment-line">
            <pc:Labels externalModel="ocrd-tool" externalId="parameters">
                <pc:Label value="-1" type="dpi"/>
                <pc:Label value="True" type="overwrite_lines"/>
            </pc:Labels>
        </pc:MetadataItem>
        <pc:MetadataItem type="processingStep" name="layout/segmentation/region" value="ocrd-cis-ocropy-clip">
            <pc:Labels externalModel="ocrd-tool" externalId="parameters">
                <pc:Label value="line" type="level-of-operation"/>
                <pc:Label value="-1" type="dpi"/>
                <pc:Label value="0.7" type="min_fraction"/>
            </pc:Labels>
        </pc:MetadataItem>
        <pc:MetadataItem type="processingStep" name="recognition/text-recognition" value="ocrd-calamari-recognize">
            <pc:Labels externalModel="ocrd-tool" externalId="parameters">
                <pc:Label value="/data/models/calamari/GT4HistOCR/*.ckpt.json" type="checkpoint"/>
                <pc:Label value="confidence_voter_default_ctc" type="voter"/>
                <pc:Label value="line" type="textequiv_level"/>
                <pc:Label value="0.001" type="glyph_conf_cutoff"/>
            </pc:Labels>
        </pc:MetadataItem>
    </pc:Metadata>
    <pc:Page imageFilename="OCR-D-IMG/Marpurg_1757-049.png" imageWidth="2973" imageHeight="3702" type="content">
        <pc:AlternativeImage filename="OCR-D-IMG-BIN/OCR-D-BIN_Marpurg_1757-049-BIN_sauvola.png" comments="binarized"/>
        <pc:AlternativeImage filename="OCR-D-IMG-CROP/OCR-D-IMG-CROP_Marpurg_1757-049.png" comments="binarized,cropped"/>
        <pc:Border>
            <pc:Coords points="461,164 2660,164 2660,3325 461,3325"/>
        </pc:Border>
        <pc:ReadingOrder>
            <pc:OrderedGroup id="reading-order">
                <pc:RegionRefIndexed index="0" regionRef="region_id_0"/>
                <pc:RegionRefIndexed index="1" regionRef="region_id_1"/>
                <pc:RegionRefIndexed index="2" regionRef="region_id_2"/>
                <pc:RegionRefIndexed index="3" regionRef="region_id_3"/>
                <pc:RegionRefIndexed index="4" regionRef="region_id_4"/>
                <pc:RegionRefIndexed index="5" regionRef="region_id_5"/>
                <pc:RegionRefIndexed index="6" regionRef="region_id_6"/>
                <pc:RegionRefIndexed index="7" regionRef="region_id_7"/>
                <pc:RegionRefIndexed index="8" regionRef="region_id_8"/>
                <pc:RegionRefIndexed index="9" regionRef="region_id_9"/>
                <pc:RegionRefIndexed index="10" regionRef="region_id_10"/>
                <pc:RegionRefIndexed index="11" regionRef="region_id_11"/>
                <pc:RegionRefIndexed index="12" regionRef="region_id_12"/>
            </pc:OrderedGroup>
        </pc:ReadingOrder>
        <pc:TextRegion id="region_id_0" type="page-number">
            <pc:Coords points="456,182 456,288 563,288 563,182 456,182"/>
            <pc:TextLine id="region_id_0_line0000">
                <pc:Coords points="464,196 547,196 547,263 464,263"/>
                <pc:TextEquiv conf="0.991801917552948">
                    <pc:Unicode>30</pc:Unicode>
                </pc:TextEquiv>
            </pc:TextLine>
            <pc:TextEquiv>
                <pc:Unicode>30</pc:Unicode>
            </pc:TextEquiv>
        </pc:TextRegion>
        <pc:TextRegion id="region_id_1" type="header">
            <pc:Coords points="751,157 751,258 2372,258 2372,157 751,157"/>
            <pc:TextLine id="region_id_1_line0000">
                <pc:Coords points="775,165 2346,165 2346,258 775,258"/>
                <pc:TextEquiv conf="0.9691729545593262">
                    <pc:Unicode>1Buch. VI Cap. Von der Temperatur.</pc:Unicode>
                </pc:TextEquiv>
            </pc:TextLine>
            <pc:TextEquiv>
                <pc:Unicode>1Buch. VI Cap. Von der Temperatur.</pc:Unicode>
            </pc:TextEquiv>
        </pc:TextRegion>
        <pc:TextRegion id="region_id_2" type="paragraph">
            <pc:Coords points="451,309 451,491 2711,491 2711,309 451,309"/>
            <pc:TextLine id="region_id_2_line0000">
                <pc:AlternativeImage filename="OCR-D-IMG-CLIP/OCR-D-IMG-CLIP_Marpurg_1757-049_region_id_2_region_id_2_line0000.png" comments="binarized,clipped"/>
                <pc:Coords points="467,316 2656,316 2656,412 467,412"/>
                <pc:TextEquiv conf="0.9904968738555908">
                    <pc:Unicode>unmoͤglich eine reine große Terz gegen C und zugleich eine relne</pc:Unicode>
                </pc:TextEquiv>
            </pc:TextLine>
            <pc:TextLine id="region_id_2_line0001">
                <pc:AlternativeImage filename="OCR-D-IMG-CLIP/OCR-D-IMG-CLIP_Marpurg_1757-049_region_id_2_region_id_2_line0001.png" comments="binarized,clipped"/>
                <pc:Coords points="469,408 2620,408 2620,491 469,491"/>
                <pc:TextEquiv conf="0.9972957968711853">
                    <pc:Unicode>Quinte oder reine Quarte von A machen kann.</pc:Unicode>
                </pc:TextEquiv>
            </pc:TextLine>
            <pc:TextEquiv>
                <pc:Unicode>unmoͤglich eine reine große Terz gegen C und zugleich eine relne
Quinte oder reine Quarte von A machen kann.</pc:Unicode>
            </pc:TextEquiv>
        </pc:TextRegion>
        <pc:TextRegion id="region_id_3" type="heading">
            <pc:Coords points="1409,613 1409,516 1692,516 1692,613 1409,613"/>
            <pc:TextLine id="region_id_3_line0000">
                <pc:Coords points="1434,523 1677,523 1677,605 1434,605"/>
                <pc:TextEquiv conf="0.9817624092102051">
                    <pc:Unicode>§. 65.</pc:Unicode>
                </pc:TextEquiv>
            </pc:TextLine>
            <pc:TextEquiv>
                <pc:Unicode>§. 65.</pc:Unicode>
            </pc:TextEquiv>
        </pc:TextRegion>
        <pc:TextRegion id="region_id_4" type="paragraph">
            <pc:Coords points="451,1084 451,623 2685,623 2685,1084 451,1084"/>
            <pc:TextLine id="region_id_4_line0000">
                <pc:Coords points="649,630 2656,630 2656,721 649,721"/>
                <pc:TextEquiv conf="0.9995669722557068">
                    <pc:Unicode>Noch mehr: Wenn man auf eben die Art, als man die Seyten</pc:Unicode>
                </pc:TextEquiv>
            </pc:TextLine>
            <pc:TextLine id="region_id_4_line0001">
                <pc:AlternativeImage filename="OCR-D-IMG-CLIP/OCR-D-IMG-CLIP_Marpurg_1757-049_region_id_4_region_id_4_line0001.png" comments="binarized,clipped"/>
                <pc:Coords points="466,723 2654,723 2654,813 466,813"/>
                <pc:TextEquiv conf="0.977637767791748">
                    <pc:Unicode>C, G, D, A, E geſtimmet hat, das iſt, Quinten und Quartenweiſe,</pc:Unicode>
                </pc:TextEquiv>
            </pc:TextLine>
            <pc:TextLine id="region_id_4_line0002">
                <pc:AlternativeImage filename="OCR-D-IMG-CLIP/OCR-D-IMG-CLIP_Marpurg_1757-049_region_id_4_region_id_4_line0002.png" comments="binarized,clipped"/>
                <pc:Coords points="465,809 2655,809 2655,906 465,906"/>
                <pc:TextEquiv conf="0.9961245656013489">
                    <pc:Unicode>den Proceß fortſetzet, und die Seyten E, H, Fis, Cis, Gis, Dis,</pc:Unicode>
                </pc:TextEquiv>
            </pc:TextLine>
            <pc:TextLine id="region_id_4_line0003">
                <pc:AlternativeImage filename="OCR-D-IMG-CLIP/OCR-D-IMG-CLIP_Marpurg_1757-049_region_id_4_region_id_4_line0003.png" comments="binarized,clipped"/>
                <pc:Coords points="465,900 2659,900 2659,992 465,992"/>
                <pc:TextEquiv conf="0.9987169504165649">
                    <pc:Unicode>Ais, Eis, His, ſtimmet: ſo wird man finden, daß dieſes His im ge⸗</pc:Unicode>
                </pc:TextEquiv>
            </pc:TextLine>
            <pc:TextLine id="region_id_4_line0004">
                <pc:AlternativeImage filename="OCR-D-IMG-CLIP/OCR-D-IMG-CLIP_Marpurg_1757-049_region_id_4_region_id_4_line0004.png" comments="binarized,clipped"/>
                <pc:Coords points="468,987 2654,987 2654,1084 468,1084"/>
                <pc:TextEquiv conf="0.9903751015663147">
                    <pc:Unicode>ringſten nicht mit dem C uͤbereintrifft, ſondern hoͤher, als daſſelbe iſt t).</pc:Unicode>
                </pc:TextEquiv>
            </pc:TextLine>
            <pc:TextEquiv>
                <pc:Unicode>Noch mehr: Wenn man auf eben die Art, als man die Seyten
C, G, D, A, E geſtimmet hat, das iſt, Quinten und Quartenweiſe,
den Proceß fortſetzet, und die Seyten E, H, Fis, Cis, Gis, Dis,
Ais, Eis, His, ſtimmet: ſo wird man finden, daß dieſes His im ge⸗
ringſten nicht mit dem C uͤbereintrifft, ſondern hoͤher, als daſſelbe iſt t).</pc:Unicode>
            </pc:TextEquiv>
        </pc:TextRegion>
        <pc:TextRegion id="region_id_5" type="footer">
            <pc:Coords points="2427,1170 2427,1074 2675,1074 2675,1170 2427,1170"/>
            <pc:TextLine id="region_id_5_line0000">
                <pc:Coords points="2435,1074 2656,1074 2656,1168 2435,1168"/>
                <pc:TextEquiv conf="0.9235960841178894">
                    <pc:Unicode>Gleich⸗</pc:Unicode>
                </pc:TextEquiv>
            </pc:TextLine>
            <pc:TextEquiv>
                <pc:Unicode>Gleich⸗</pc:Unicode>
            </pc:TextEquiv>
        </pc:TextRegion>
        <pc:TextRegion id="region_id_6" type="footnote">
            <pc:Coords points="426,1170 426,3349 2686,3349 2686,1170 426,1170"/>
            <pc:TextLine id="region_id_6_line0000">
                <pc:AlternativeImage filename="OCR-D-IMG-CLIP/OCR-D-IMG-CLIP_Marpurg_1757-049_region_id_6_region_id_6_line0000.png" comments="binarized,clipped"/>
                <pc:Coords points="461,1210 2658,1210 2658,1292 461,1292"/>
                <pc:TextEquiv conf="0.9858766198158264">
                    <pc:Unicode>alſo 4. Der Werth des E, als Un⸗ Einheit vorſtellet. Der oberſte Terminus</pc:Unicode>
                </pc:TextEquiv>
            </pc:TextLine>
            <pc:TextLine id="region_id_6_line0001">
                <pc:AlternativeImage filename="OCR-D-IMG-CLIP/OCR-D-IMG-CLIP_Marpurg_1757-049_region_id_6_region_id_6_line0001.png" comments="binarized,clipped"/>
                <pc:Coords points="469,1292 2658,1292 2658,1369 469,1369"/>
                <pc:TextEquiv conf="0.9969646334648132">
                    <pc:Unicode>terquarte von A iſt alſo . Wenn nun in dieſem letzten Bruche iſt nichts anders,</pc:Unicode>
                </pc:TextEquiv>
            </pc:TextLine>
            <pc:TextLine id="region_id_6_line0002">
                <pc:Coords points="468,1370 2657,1370 2657,1449 468,1449"/>
                <pc:TextEquiv conf="0.9725134372711182">
                    <pc:Unicode>E, als die große Terz von C, oder als eine in mal in ſich ſelbſt multiplicirte 3,</pc:Unicode>
                </pc:TextEquiv>
            </pc:TextLine>
            <pc:TextLine id="region_id_6_line0003">
                <pc:AlternativeImage filename="OCR-D-IMG-CLIP/OCR-D-IMG-CLIP_Marpurg_1757-049_region_id_6_region_id_6_line0003.png" comments="binarized,clipped"/>
                <pc:Coords points="474,1451 2655,1451 2655,1529 474,1529"/>
                <pc:TextEquiv conf="0.9919971227645874">
                    <pc:Unicode>Z iſt: ſo verhalten ſich dieſe beyden E und der untere Terminus eine i8 mal in ſich</pc:Unicode>
                </pc:TextEquiv>
            </pc:TextLine>
            <pc:TextLine id="region_id_6_line0004">
                <pc:AlternativeImage filename="OCR-D-IMG-CLIP/OCR-D-IMG-CLIP_Marpurg_1757-049_region_id_6_region_id_6_line0004.png" comments="binarized,clipped"/>
                <pc:Coords points="469,1529 2657,1529 2657,1608 469,1608"/>
                <pc:TextEquiv conf="0.9889543056488037">
                    <pc:Unicode>folglich wie i gegen 80; und folglich iſt ſelbſt multiplicirte 2. Es giebet es der</pc:Unicode>
                </pc:TextEquiv>
            </pc:TextLine>
            <pc:TextLine id="region_id_6_line0005">
                <pc:AlternativeImage filename="OCR-D-IMG-CLIP/OCR-D-IMG-CLIP_Marpurg_1757-049_region_id_6_region_id_6_line0005.png" comments="binarized,clipped"/>
                <pc:Coords points="469,1607 2657,1607 2657,1684 469,1684"/>
                <pc:TextEquiv conf="0.9982000589370728">
                    <pc:Unicode>es unmoͤglich, daß E zugleich eine reine Augenſchein, daß dieſer den Werth des</pc:Unicode>
                </pc:TextEquiv>
            </pc:TextLine>
            <pc:TextLine id="region_id_6_line0006">
                <pc:AlternativeImage filename="OCR-D-IMG-CLIP/OCR-D-IMG-CLIP_Marpurg_1757-049_region_id_6_region_id_6_line0006.png" comments="binarized,clipped"/>
                <pc:Coords points="472,1686 2658,1686 2658,1767 472,1767"/>
                <pc:TextEquiv conf="0.9990074634552002">
                    <pc:Unicode>Terz von C, und eine reine Unterquarte his andeutende Bruch, nicht der den</pc:Unicode>
                </pc:TextEquiv>
            </pc:TextLine>
            <pc:TextLine id="region_id_6_line0007">
                <pc:AlternativeImage filename="OCR-D-IMG-CLIP/OCR-D-IMG-CLIP_Marpurg_1757-049_region_id_6_region_id_6_line0007.png" comments="binarized,clipped"/>
                <pc:Coords points="470,1762 2656,1762 2656,1839 470,1839"/>
                <pc:TextEquiv conf="0.9960155487060547">
                    <pc:Unicode>von A abgeben kann. Werth des C andeutenden Einheit gleich</pc:Unicode>
                </pc:TextEquiv>
            </pc:TextLine>
            <pc:TextLine id="region_id_6_line0008">
                <pc:AlternativeImage filename="OCR-D-IMG-CLIP/OCR-D-IMG-CLIP_Marpurg_1757-049_region_id_6_region_id_6_line0008.png" comments="binarized,clipped"/>
                <pc:Coords points="550,1845 2654,1845 2654,1926 550,1926"/>
                <pc:TextEquiv conf="0.9977765083312988">
                    <pc:Unicode>t) Jn der That, wenn man die Quin⸗ iſt, obgleich auf dem Claviere die Toͤne</pc:Unicode>
                </pc:TextEquiv>
            </pc:TextLine>
            <pc:TextLine id="region_id_6_line0009">
                <pc:AlternativeImage filename="OCR-D-IMG-CLIP/OCR-D-IMG-CLIP_Marpurg_1757-049_region_id_6_region_id_6_line0009.png" comments="binarized,clipped"/>
                <pc:Coords points="471,1924 2656,1924 2656,1995 471,1995"/>
                <pc:TextEquiv conf="0.9955194592475891">
                    <pc:Unicode>ten und Quarten einer Octave auf ſolche his und c vermenget werden. Dieſer</pc:Unicode>
                </pc:TextEquiv>
            </pc:TextLine>
            <pc:TextLine id="region_id_6_line0010">
                <pc:Coords points="471,1996 2654,1996 2654,2076 471,2076"/>
                <pc:TextEquiv conf="0.9964208602905273">
                    <pc:Unicode>Art wechſelsweiſe durchſtimmet: ſo iſt die Bruch (15) uͤbertrift die Einheit um</pc:Unicode>
                </pc:TextEquiv>
            </pc:TextLine>
            <pc:TextLine id="region_id_6_line0011">
                <pc:AlternativeImage filename="OCR-D-IMG-CLIP/OCR-D-IMG-CLIP_Marpurg_1757-049_region_id_6_region_id_6_line0011.png" comments="binarized,clipped"/>
                <pc:Coords points="472,2077 2653,2077 2653,2164 472,2164"/>
                <pc:TextEquiv conf="0.9813875555992126">
                    <pc:Unicode>Operation folgende: r, das iſt ungefaͤhr um , und</pc:Unicode>
                </pc:TextEquiv>
            </pc:TextLine>
            <pc:TextLine id="region_id_6_line0012">
                <pc:AlternativeImage filename="OCR-D-IMG-CLIP/OCR-D-IMG-CLIP_Marpurg_1757-049_region_id_6_region_id_6_line0012.png" comments="binarized,clipped"/>
                <pc:Coords points="558,2159 2655,2159 2655,2242 558,2242"/>
                <pc:TextEquiv conf="0.994983971118927">
                    <pc:Unicode>C, G Quinte, d Quarte, A Quinte, dieſe Differenz wird das pythagoriſche</pc:Unicode>
                </pc:TextEquiv>
            </pc:TextLine>
            <pc:TextLine id="region_id_6_line0013">
                <pc:AlternativeImage filename="OCR-D-IMG-CLIP/OCR-D-IMG-CLIP_Marpurg_1757-049_region_id_6_region_id_6_line0013.png" comments="binarized,clipped"/>
                <pc:Coords points="474,2236 2657,2236 2657,2317 474,2317"/>
                <pc:TextEquiv conf="0.9962137341499329">
                    <pc:Unicode>e Quarte, Quinte, fis Quarte, cis Comma genennet, und iſt weit betraͤch⸗</pc:Unicode>
                </pc:TextEquiv>
            </pc:TextLine>
            <pc:TextLine id="region_id_6_line0014">
                <pc:AlternativeImage filename="OCR-D-IMG-CLIP/OCR-D-IMG-CLIP_Marpurg_1757-049_region_id_6_region_id_6_line0014.png" comments="binarized,clipped"/>
                <pc:Coords points="476,2319 2655,2319 2655,2400 476,2400"/>
                <pc:TextEquiv conf="0.9977908730506897">
                    <pc:Unicode>Quinte, gis Quarte, dis Quinte, ais tiger, wie man ſehen kann, als das bey</pc:Unicode>
                </pc:TextEquiv>
            </pc:TextLine>
            <pc:TextLine id="region_id_6_line0015">
                <pc:AlternativeImage filename="OCR-D-IMG-CLIP/OCR-D-IMG-CLIP_Marpurg_1757-049_region_id_6_region_id_6_line0015.png" comments="binarized,clipped"/>
                <pc:Coords points="476,2394 2653,2394 2653,2477 476,2477"/>
                <pc:TextEquiv conf="0.9943836331367493">
                    <pc:Unicode>Quarte, eis Quinte, his Quarte. Nun der Anmerk. (p) erklaͤrte Comma, wel⸗</pc:Unicode>
                </pc:TextEquiv>
            </pc:TextLine>
            <pc:TextLine id="region_id_6_line0016">
                <pc:AlternativeImage filename="OCR-D-IMG-CLIP/OCR-D-IMG-CLIP_Marpurg_1757-049_region_id_6_region_id_6_line0016.png" comments="binarized,clipped"/>
                <pc:Coords points="476,2474 2135,2474 2135,2549 476,2549"/>
                <pc:TextEquiv conf="0.9978582262992859">
                    <pc:Unicode>kann man leicht berechnen, daß, wenn das ches nur wie iſt.</pc:Unicode>
                </pc:TextEquiv>
            </pc:TextLine>
            <pc:TextLine id="region_id_6_line0017">
                <pc:AlternativeImage filename="OCR-D-IMG-CLIP/OCR-D-IMG-CLIP_Marpurg_1757-049_region_id_6_region_id_6_line0017.png" comments="binarized,clipped"/>
                <pc:Coords points="481,2551 2656,2551 2656,2636 481,2636"/>
                <pc:TextEquiv conf="0.9824953675270081">
                    <pc:Unicode>erſte Ciſt, G 4 ſeyn wird, D3, Man hat bemerket, daß die Fort⸗</pc:Unicode>
                </pc:TextEquiv>
            </pc:TextLine>
            <pc:TextLine id="region_id_6_line0018">
                <pc:AlternativeImage filename="OCR-D-IMG-CLIP/OCR-D-IMG-CLIP_Marpurg_1757-049_region_id_6_region_id_6_line0018.png" comments="binarized,clipped"/>
                <pc:Coords points="479,2633 2654,2633 2654,2715 479,2715"/>
                <pc:TextEquiv conf="0.9665260910987854">
                    <pc:Unicode>A 4, E u. ſ. w. bis his, welches ſchreitung der Quinten ein von dn c un⸗</pc:Unicode>
                </pc:TextEquiv>
            </pc:TextLine>
            <pc:TextLine id="region_id_6_line0019">
                <pc:AlternativeImage filename="OCR-D-IMG-CLIP/OCR-D-IMG-CLIP_Marpurg_1757-049_region_id_6_region_id_6_line0019.png" comments="binarized,clipped"/>
                <pc:Coords points="482,2712 2656,2712 2656,2794 482,2794"/>
                <pc:TextEquiv conf="0.9776132106781006">
                    <pc:Unicode>erſcheinet wie H4. Dieſer Bruch terſchiedenes his giebet. Die Fort⸗</pc:Unicode>
                </pc:TextEquiv>
            </pc:TextLine>
            <pc:TextLine id="region_id_6_line0020">
                <pc:AlternativeImage filename="OCR-D-IMG-CLIP/OCR-D-IMG-CLIP_Marpurg_1757-049_region_id_6_region_id_6_line0020.png" comments="binarized,clipped"/>
                <pc:Coords points="484,2791 2659,2791 2659,2874 484,2874"/>
                <pc:TextEquiv conf="0.9963781833648682">
                    <pc:Unicode>iſt augeuſcheinlich groͤßer, als die Zahl 2, ſchreitung der großen Terzen brin⸗</pc:Unicode>
                </pc:TextEquiv>
            </pc:TextLine>
            <pc:TextLine id="region_id_6_line0021">
                <pc:AlternativeImage filename="OCR-D-IMG-CLIP/OCR-D-IMG-CLIP_Marpurg_1757-049_region_id_6_region_id_6_line0021.png" comments="binarized,clipped"/>
                <pc:Coords points="485,2871 2653,2871 2653,2944 485,2944"/>
                <pc:TextEquiv conf="0.9926104545593262">
                    <pc:Unicode>die die reine Octave von C bezeichnet; get noch eine andre Differenz hervor.</pc:Unicode>
                </pc:TextEquiv>
            </pc:TextLine>
            <pc:TextLine id="region_id_6_line0022">
                <pc:AlternativeImage filename="OCR-D-IMG-CLIP/OCR-D-IMG-CLIP_Marpurg_1757-049_region_id_6_region_id_6_line0022.png" comments="binarized,clipped"/>
                <pc:Coords points="488,2947 2652,2947 2652,3027 488,3027"/>
                <pc:TextEquiv conf="0.9980378150939941">
                    <pc:Unicode>und die Unteroctave von his wuͤrde die Wir ſetzen die Progreßion c, e, gis, his.</pc:Unicode>
                </pc:TextEquiv>
            </pc:TextLine>
            <pc:TextLine id="region_id_6_line0023">
                <pc:AlternativeImage filename="OCR-D-IMG-CLIP/OCR-D-IMG-CLIP_Marpurg_1757-049_region_id_6_region_id_6_line0023.png" comments="binarized,clipped"/>
                <pc:Coords points="484,3027 2653,3027 2653,3117 484,3117"/>
                <pc:TextEquiv conf="0.97919100522995">
                    <pc:Unicode>Haͤlfte dieſes Bruchs machen, naͤmlich Das e iſt , das gis ?4, und das his</pc:Unicode>
                </pc:TextEquiv>
            </pc:TextLine>
            <pc:TextLine id="region_id_6_line0024">
                <pc:AlternativeImage filename="OCR-D-IMG-CLIP/OCR-D-IMG-CLIP_Marpurg_1757-049_region_id_6_region_id_6_line0024.png" comments="binarized,clipped"/>
                <pc:Coords points="461,3105 2656,3105 2656,3197 461,3197"/>
                <pc:TextEquiv conf="0.95815509557724">
                    <pc:Unicode>4E, und dieſer Bruch iſt augen⸗ , wovon die Unteroctave 1 giebet.</pc:Unicode>
                </pc:TextEquiv>
            </pc:TextLine>
            <pc:TextLine id="region_id_6_line0025">
                <pc:AlternativeImage filename="OCR-D-IMG-CLIP/OCR-D-IMG-CLIP_Marpurg_1757-049_region_id_6_region_id_6_line0025.png" comments="binarized,clipped"/>
                <pc:Coords points="489,3190 2659,3190 2659,3275 489,3275"/>
                <pc:TextEquiv conf="0.9899357557296753">
                    <pc:Unicode>ſcheinlich groͤßer, als die Zahl 1, die die Hieraus iſt klar, daß das his nur r,</pc:Unicode>
                </pc:TextEquiv>
            </pc:TextLine>
            <pc:TextLine id="region_id_6_line0026">
                <pc:AlternativeImage filename="OCR-D-IMG-CLIP/OCR-D-IMG-CLIP_Marpurg_1757-049_region_id_6_region_id_6_line0026.png" comments="binarized,clipped"/>
                <pc:Coords points="1210,3271 2659,3271 2659,3325 1210,3325"/>
                <pc:TextEquiv conf="0.9891765117645264">
                    <pc:Unicode>das</pc:Unicode>
                </pc:TextEquiv>
            </pc:TextLine>
            <pc:TextEquiv>
                <pc:Unicode>alſo 4. Der Werth des E, als Un⸗ Einheit vorſtellet. Der oberſte Terminus
terquarte von A iſt alſo . Wenn nun in dieſem letzten Bruche iſt nichts anders,
E, als die große Terz von C, oder als eine in mal in ſich ſelbſt multiplicirte 3,
Z iſt: ſo verhalten ſich dieſe beyden E und der untere Terminus eine i8 mal in ſich
folglich wie i gegen 80; und folglich iſt ſelbſt multiplicirte 2. Es giebet es der
es unmoͤglich, daß E zugleich eine reine Augenſchein, daß dieſer den Werth des
Terz von C, und eine reine Unterquarte his andeutende Bruch, nicht der den
von A abgeben kann. Werth des C andeutenden Einheit gleich
t) Jn der That, wenn man die Quin⸗ iſt, obgleich auf dem Claviere die Toͤne
ten und Quarten einer Octave auf ſolche his und c vermenget werden. Dieſer
Art wechſelsweiſe durchſtimmet: ſo iſt die Bruch (15) uͤbertrift die Einheit um
Operation folgende: r, das iſt ungefaͤhr um , und
C, G Quinte, d Quarte, A Quinte, dieſe Differenz wird das pythagoriſche
e Quarte, Quinte, fis Quarte, cis Comma genennet, und iſt weit betraͤch⸗
Quinte, gis Quarte, dis Quinte, ais tiger, wie man ſehen kann, als das bey
Quarte, eis Quinte, his Quarte. Nun der Anmerk. (p) erklaͤrte Comma, wel⸗
kann man leicht berechnen, daß, wenn das ches nur wie iſt.
erſte Ciſt, G 4 ſeyn wird, D3, Man hat bemerket, daß die Fort⸗
A 4, E u. ſ. w. bis his, welches ſchreitung der Quinten ein von dn c un⸗
erſcheinet wie H4. Dieſer Bruch terſchiedenes his giebet. Die Fort⸗
iſt augeuſcheinlich groͤßer, als die Zahl 2, ſchreitung der großen Terzen brin⸗
die die reine Octave von C bezeichnet; get noch eine andre Differenz hervor.
und die Unteroctave von his wuͤrde die Wir ſetzen die Progreßion c, e, gis, his.
Haͤlfte dieſes Bruchs machen, naͤmlich Das e iſt , das gis ?4, und das his
4E, und dieſer Bruch iſt augen⸗ , wovon die Unteroctave 1 giebet.
ſcheinlich groͤßer, als die Zahl 1, die die Hieraus iſt klar, daß das his nur r,
das</pc:Unicode>
            </pc:TextEquiv>
        </pc:TextRegion>
        <pc:TextRegion id="region_id_7" type="paragraph">
            <pc:Coords points="456,1185 456,1844 1081,1832 1076,1762 1553,1781 1556,1185 456,1185"/>
            <pc:TextLine id="region_id_7_line0000">
                <pc:AlternativeImage filename="OCR-D-IMG-CLIP/OCR-D-IMG-CLIP_Marpurg_1757-049_region_id_7_region_id_7_line0000.png" comments="binarized,clipped"/>
                <pc:Coords points="461,1210 1533,1210 1533,1292 461,1292"/>
                <pc:TextEquiv conf="0.9759133458137512">
                    <pc:Unicode>alſo 4. Der Werth des E, als Un⸗</pc:Unicode>
                </pc:TextEquiv>
            </pc:TextLine>
            <pc:TextLine id="region_id_7_line0001">
                <pc:AlternativeImage filename="OCR-D-IMG-CLIP/OCR-D-IMG-CLIP_Marpurg_1757-049_region_id_7_region_id_7_line0001.png" comments="binarized,clipped"/>
                <pc:Coords points="469,1292 1531,1292 1531,1369 469,1369"/>
                <pc:TextEquiv conf="0.9949079155921936">
                    <pc:Unicode>terquarte von A iſt alſo . Wenn nun</pc:Unicode>
                </pc:TextEquiv>
            </pc:TextLine>
            <pc:TextLine id="region_id_7_line0002">
                <pc:Coords points="468,1370 1531,1370 1531,1449 468,1449"/>
                <pc:TextEquiv conf="0.996577799320221">
                    <pc:Unicode>E, als die große Terz von C oder</pc:Unicode>
                </pc:TextEquiv>
            </pc:TextLine>
            <pc:TextLine id="region_id_7_line0003">
                <pc:Coords points="474,1451 1531,1451 1531,1529 474,1529"/>
                <pc:TextEquiv conf="0.99847412109375">
                    <pc:Unicode>iſt: ſo verhalten ſich dieſe beyden E</pc:Unicode>
                </pc:TextEquiv>
            </pc:TextLine>
            <pc:TextLine id="region_id_7_line0004">
                <pc:AlternativeImage filename="OCR-D-IMG-CLIP/OCR-D-IMG-CLIP_Marpurg_1757-049_region_id_7_region_id_7_line0004.png" comments="binarized,clipped"/>
                <pc:Coords points="469,1531 1532,1531 1532,1608 469,1608"/>
                <pc:TextEquiv conf="0.9805999398231506">
                    <pc:Unicode>folglich wie i gegen 80; und folglich iſt</pc:Unicode>
                </pc:TextEquiv>
            </pc:TextLine>
            <pc:TextLine id="region_id_7_line0005">
                <pc:AlternativeImage filename="OCR-D-IMG-CLIP/OCR-D-IMG-CLIP_Marpurg_1757-049_region_id_7_region_id_7_line0005.png" comments="binarized,clipped"/>
                <pc:Coords points="469,1607 1531,1607 1531,1684 469,1684"/>
                <pc:TextEquiv conf="0.9969593286514282">
                    <pc:Unicode>es unmoͤglich, daß E zugleich eine reine</pc:Unicode>
                </pc:TextEquiv>
            </pc:TextLine>
            <pc:TextLine id="region_id_7_line0006">
                <pc:Coords points="472,1691 472,1767 1530,1767 1530,1691 472,1691"/>
                <pc:TextEquiv conf="0.9982953071594238">
                    <pc:Unicode>Terz von C, und eine reine Unterquarte</pc:Unicode>
                </pc:TextEquiv>
            </pc:TextLine>
            <pc:TextLine id="region_id_7_line0007">
                <pc:Coords points="470,1772 470,1839 716,1839 1036,1833 1036,1772 470,1772"/>
                <pc:TextEquiv conf="0.9973844289779663">
                    <pc:Unicode>von A abgeben kann.</pc:Unicode>
                </pc:TextEquiv>
            </pc:TextLine>
            <pc:TextEquiv>
                <pc:Unicode>alſo 4. Der Werth des E, als Un⸗
terquarte von A iſt alſo . Wenn nun
E, als die große Terz von C oder
iſt: ſo verhalten ſich dieſe beyden E
folglich wie i gegen 80; und folglich iſt
es unmoͤglich, daß E zugleich eine reine
Terz von C, und eine reine Unterquarte
von A abgeben kann.</pc:Unicode>
            </pc:TextEquiv>
        </pc:TextRegion>
        <pc:TextRegion id="region_id_8" type="paragraph">
            <pc:Coords points="466,2164 466,1847 1545,1837 1537,2076 1017,2089 1009,2156 466,2164"/>
            <pc:TextLine id="region_id_8_line0000">
                <pc:Coords points="550,1849 1531,1849 1531,1926 550,1926"/>
                <pc:TextEquiv conf="0.9981807470321655">
                    <pc:Unicode>t) Jn der That, wenn man die Quin⸗</pc:Unicode>
                </pc:TextEquiv>
            </pc:TextLine>
            <pc:TextLine id="region_id_8_line0001">
                <pc:Coords points="471,1928 1533,1928 1533,1995 471,1995"/>
                <pc:TextEquiv conf="0.9971287250518799">
                    <pc:Unicode>ten und Quarten einer Octave auf ſolche</pc:Unicode>
                </pc:TextEquiv>
            </pc:TextLine>
            <pc:TextLine id="region_id_8_line0002">
                <pc:Coords points="471,2001 471,2073 1537,2073 1538,2046 1538,2001 471,2001"/>
                <pc:TextEquiv conf="0.9992396235466003">
                    <pc:Unicode>Art wechſelsweiſe durchſtimmet: ſo iſt die</pc:Unicode>
                </pc:TextEquiv>
            </pc:TextLine>
            <pc:TextLine id="region_id_8_line0003">
                <pc:Coords points="472,2089 472,2164 984,2156 984,2089 472,2089"/>
                <pc:TextEquiv conf="0.9990221261978149">
                    <pc:Unicode>Operation folgende:</pc:Unicode>
                </pc:TextEquiv>
            </pc:TextLine>
            <pc:TextEquiv>
                <pc:Unicode>t) Jn der That, wenn man die Quin⸗
ten und Quarten einer Octave auf ſolche
Art wechſelsweiſe durchſtimmet: ſo iſt die
Operation folgende:</pc:Unicode>
            </pc:TextEquiv>
        </pc:TextRegion>
        <pc:TextRegion id="region_id_9" type="paragraph">
            <pc:Coords points="471,3296 471,2172 1551,2151 1561,3283 471,3296"/>
            <pc:TextLine id="region_id_9_line0000">
                <pc:AlternativeImage filename="OCR-D-IMG-CLIP/OCR-D-IMG-CLIP_Marpurg_1757-049_region_id_9_region_id_9_line0000.png" comments="binarized,clipped"/>
                <pc:Coords points="1140,2159 558,2170 558,2242 1537,2242 1537,2159 1140,2159"/>
                <pc:TextEquiv conf="0.9872191548347473">
                    <pc:Unicode>C, G Quinte, d Quarte, A Quinte,</pc:Unicode>
                </pc:TextEquiv>
            </pc:TextLine>
            <pc:TextLine id="region_id_9_line0001">
                <pc:AlternativeImage filename="OCR-D-IMG-CLIP/OCR-D-IMG-CLIP_Marpurg_1757-049_region_id_9_region_id_9_line0001.png" comments="binarized,clipped"/>
                <pc:Coords points="474,2240 1537,2240 1537,2317 474,2317"/>
                <pc:TextEquiv conf="0.990574836730957">
                    <pc:Unicode>e Quarte, H Quinte, fis Quarte, cis</pc:Unicode>
                </pc:TextEquiv>
            </pc:TextLine>
            <pc:TextLine id="region_id_9_line0002">
                <pc:AlternativeImage filename="OCR-D-IMG-CLIP/OCR-D-IMG-CLIP_Marpurg_1757-049_region_id_9_region_id_9_line0002.png" comments="binarized,clipped"/>
                <pc:Coords points="476,2319 1537,2319 1537,2400 476,2400"/>
                <pc:TextEquiv conf="0.9957560896873474">
                    <pc:Unicode>Quinte, gis Quarte, dis Quinte, ais</pc:Unicode>
                </pc:TextEquiv>
            </pc:TextLine>
            <pc:TextLine id="region_id_9_line0003">
                <pc:AlternativeImage filename="OCR-D-IMG-CLIP/OCR-D-IMG-CLIP_Marpurg_1757-049_region_id_9_region_id_9_line0003.png" comments="binarized,clipped"/>
                <pc:Coords points="476,2398 1537,2398 1537,2477 476,2477"/>
                <pc:TextEquiv conf="0.9987936615943909">
                    <pc:Unicode>Quarte, eis Quinte, his Quarte. Nun</pc:Unicode>
                </pc:TextEquiv>
            </pc:TextLine>
            <pc:TextLine id="region_id_9_line0004">
                <pc:AlternativeImage filename="OCR-D-IMG-CLIP/OCR-D-IMG-CLIP_Marpurg_1757-049_region_id_9_region_id_9_line0004.png" comments="binarized,clipped"/>
                <pc:Coords points="476,2477 1537,2477 1537,2549 476,2549"/>
                <pc:TextEquiv conf="0.9997278451919556">
                    <pc:Unicode>kann man leicht berechnen, daß, wenn das</pc:Unicode>
                </pc:TextEquiv>
            </pc:TextLine>
            <pc:TextLine id="region_id_9_line0005">
                <pc:AlternativeImage filename="OCR-D-IMG-CLIP/OCR-D-IMG-CLIP_Marpurg_1757-049_region_id_9_region_id_9_line0005.png" comments="binarized,clipped"/>
                <pc:Coords points="481,2551 1537,2551 1537,2636 481,2636"/>
                <pc:TextEquiv conf="0.9260692596435547">
                    <pc:Unicode>erſte C1 iſt, G ſeyn wird, D3,</pc:Unicode>
                </pc:TextEquiv>
            </pc:TextLine>
            <pc:TextLine id="region_id_9_line0006">
                <pc:AlternativeImage filename="OCR-D-IMG-CLIP/OCR-D-IMG-CLIP_Marpurg_1757-049_region_id_9_region_id_9_line0006.png" comments="binarized,clipped"/>
                <pc:Coords points="479,2633 1538,2633 1538,2715 479,2715"/>
                <pc:TextEquiv conf="0.9538232684135437">
                    <pc:Unicode>A43, E u. ſ. w. bis his, welches</pc:Unicode>
                </pc:TextEquiv>
            </pc:TextLine>
            <pc:TextLine id="region_id_9_line0007">
                <pc:AlternativeImage filename="OCR-D-IMG-CLIP/OCR-D-IMG-CLIP_Marpurg_1757-049_region_id_9_region_id_9_line0007.png" comments="binarized,clipped"/>
                <pc:Coords points="482,2713 1537,2713 1537,2794 482,2794"/>
                <pc:TextEquiv conf="0.9518727660179138">
                    <pc:Unicode>erſcheinet wie 84. Dieſer Bruch</pc:Unicode>
                </pc:TextEquiv>
            </pc:TextLine>
            <pc:TextLine id="region_id_9_line0008">
                <pc:AlternativeImage filename="OCR-D-IMG-CLIP/OCR-D-IMG-CLIP_Marpurg_1757-049_region_id_9_region_id_9_line0008.png" comments="binarized,clipped"/>
                <pc:Coords points="484,2795 1538,2795 1538,2874 484,2874"/>
                <pc:TextEquiv conf="0.9989303946495056">
                    <pc:Unicode>iſt augeuſcheinlich groͤßer, als die Zahl 2,</pc:Unicode>
                </pc:TextEquiv>
            </pc:TextLine>
            <pc:TextLine id="region_id_9_line0009">
                <pc:AlternativeImage filename="OCR-D-IMG-CLIP/OCR-D-IMG-CLIP_Marpurg_1757-049_region_id_9_region_id_9_line0009.png" comments="binarized,clipped"/>
                <pc:Coords points="485,2871 1538,2871 1538,2944 485,2944"/>
                <pc:TextEquiv conf="0.987963855266571">
                    <pc:Unicode>die die reine Octave von C bezeichnet;</pc:Unicode>
                </pc:TextEquiv>
            </pc:TextLine>
            <pc:TextLine id="region_id_9_line0010">
                <pc:Coords points="488,2947 1540,2947 1540,3022 488,3022"/>
                <pc:TextEquiv conf="0.9980816841125488">
                    <pc:Unicode>und die Unteroctave von his wuͤrde die</pc:Unicode>
                </pc:TextEquiv>
            </pc:TextLine>
            <pc:TextLine id="region_id_9_line0011">
                <pc:AlternativeImage filename="OCR-D-IMG-CLIP/OCR-D-IMG-CLIP_Marpurg_1757-049_region_id_9_region_id_9_line0011.png" comments="binarized,clipped"/>
                <pc:Coords points="484,3027 1540,3027 1540,3117 484,3117"/>
                <pc:TextEquiv conf="0.996669352054596">
                    <pc:Unicode>Haͤlfte dieſes Bruchs machen, naͤmlich</pc:Unicode>
                </pc:TextEquiv>
            </pc:TextLine>
            <pc:TextLine id="region_id_9_line0012">
                <pc:AlternativeImage filename="OCR-D-IMG-CLIP/OCR-D-IMG-CLIP_Marpurg_1757-049_region_id_9_region_id_9_line0012.png" comments="binarized,clipped"/>
                <pc:Coords points="490,3111 1539,3111 1539,3197 490,3197"/>
                <pc:TextEquiv conf="0.9693467617034912">
                    <pc:Unicode>4, und dieſer Bruch iſt augen⸗</pc:Unicode>
                </pc:TextEquiv>
            </pc:TextLine>
            <pc:TextLine id="region_id_9_line0013">
                <pc:AlternativeImage filename="OCR-D-IMG-CLIP/OCR-D-IMG-CLIP_Marpurg_1757-049_region_id_9_region_id_9_line0013.png" comments="binarized,clipped"/>
                <pc:Coords points="489,3192 1545,3192 1545,3275 489,3275"/>
                <pc:TextEquiv conf="0.993355393409729">
                    <pc:Unicode>ſcheinlich groͤßer, als die Zahl 1, die die</pc:Unicode>
                </pc:TextEquiv>
            </pc:TextLine>
            <pc:TextEquiv>
                <pc:Unicode>C, G Quinte, d Quarte, A Quinte,
e Quarte, H Quinte, fis Quarte, cis
Quinte, gis Quarte, dis Quinte, ais
Quarte, eis Quinte, his Quarte. Nun
kann man leicht berechnen, daß, wenn das
erſte C1 iſt, G ſeyn wird, D3,
A43, E u. ſ. w. bis his, welches
erſcheinet wie 84. Dieſer Bruch
iſt augeuſcheinlich groͤßer, als die Zahl 2,
die die reine Octave von C bezeichnet;
und die Unteroctave von his wuͤrde die
Haͤlfte dieſes Bruchs machen, naͤmlich
4, und dieſer Bruch iſt augen⸗
ſcheinlich groͤßer, als die Zahl 1, die die</pc:Unicode>
            </pc:TextEquiv>
        </pc:TextRegion>
        <pc:TextRegion id="region_id_10" type="paragraph">
            <pc:Coords points="1581,1196 1581,2538 2681,2538 2681,1196 1581,1196"/>
            <pc:TextLine id="region_id_10_line0000">
                <pc:Coords points="1593,1213 2658,1213 2658,1282 1593,1282"/>
                <pc:TextEquiv conf="0.9968799352645874">
                    <pc:Unicode>Einheit vorſtellet. Der oberſte Terminus</pc:Unicode>
                </pc:TextEquiv>
            </pc:TextLine>
            <pc:TextLine id="region_id_10_line0001">
                <pc:Coords points="1601,1293 2658,1293 2658,1366 1601,1366"/>
                <pc:TextEquiv conf="0.9902701377868652">
                    <pc:Unicode>in dieſem letzten Bruche iſt nichts anders,</pc:Unicode>
                </pc:TextEquiv>
            </pc:TextLine>
            <pc:TextLine id="region_id_10_line0002">
                <pc:Coords points="1598,1373 2657,1373 2657,1444 1598,1444"/>
                <pc:TextEquiv conf="0.970406711101532">
                    <pc:Unicode>als eine I1 mal in ſich ſelbſt multiplicirte 3,</pc:Unicode>
                </pc:TextEquiv>
            </pc:TextLine>
            <pc:TextLine id="region_id_10_line0003">
                <pc:Coords points="1598,1454 2655,1454 2655,1517 1598,1517"/>
                <pc:TextEquiv conf="0.98630690574646">
                    <pc:Unicode>und der untere Terminus eine 18 mal in ſich</pc:Unicode>
                </pc:TextEquiv>
            </pc:TextLine>
            <pc:TextLine id="region_id_10_line0004">
                <pc:Coords points="1598,1529 2657,1529 2657,1598 1598,1598"/>
                <pc:TextEquiv conf="0.9984135627746582">
                    <pc:Unicode>ſelbſt multiplicirte 2. Es giebet es der</pc:Unicode>
                </pc:TextEquiv>
            </pc:TextLine>
            <pc:TextLine id="region_id_10_line0005">
                <pc:Coords points="1597,1608 2657,1608 2657,1681 1597,1681"/>
                <pc:TextEquiv conf="0.9996309280395508">
                    <pc:Unicode>Augenſchein, daß dieſer den Werth des</pc:Unicode>
                </pc:TextEquiv>
            </pc:TextLine>
            <pc:TextLine id="region_id_10_line0006">
                <pc:Coords points="1597,1686 2658,1686 2658,1757 1597,1757"/>
                <pc:TextEquiv conf="0.9996718168258667">
                    <pc:Unicode>his andeutende Bruch, nicht der den</pc:Unicode>
                </pc:TextEquiv>
            </pc:TextLine>
            <pc:TextLine id="region_id_10_line0007">
                <pc:Coords points="1595,1762 2656,1762 2656,1835 1595,1835"/>
                <pc:TextEquiv conf="0.9931766390800476">
                    <pc:Unicode>Werth des C andeutenden Einheit gleich</pc:Unicode>
                </pc:TextEquiv>
            </pc:TextLine>
            <pc:TextLine id="region_id_10_line0008">
                <pc:Coords points="1597,1845 2654,1845 2654,1914 1597,1914"/>
                <pc:TextEquiv conf="0.995855450630188">
                    <pc:Unicode>iſt, obgleich auf dem Claviere die Toͤne</pc:Unicode>
                </pc:TextEquiv>
            </pc:TextLine>
            <pc:TextLine id="region_id_10_line0009">
                <pc:Coords points="1598,1924 2656,1924 2656,1988 1598,1988"/>
                <pc:TextEquiv conf="0.9911910891532898">
                    <pc:Unicode>his und c vermenget werden. Dieſer</pc:Unicode>
                </pc:TextEquiv>
            </pc:TextLine>
            <pc:TextLine id="region_id_10_line0010">
                <pc:Coords points="1600,1996 2654,1996 2654,2076 1600,2076"/>
                <pc:TextEquiv conf="0.9924279451370239">
                    <pc:Unicode>Bruch (15) uͤbertrift die Einheit um</pc:Unicode>
                </pc:TextEquiv>
            </pc:TextLine>
            <pc:TextLine id="region_id_10_line0011">
                <pc:Coords points="1600,2077 2653,2077 2653,2151 1600,2151"/>
                <pc:TextEquiv conf="0.9820457696914673">
                    <pc:Unicode>t, das iſt ungefaͤhr um , und</pc:Unicode>
                </pc:TextEquiv>
            </pc:TextLine>
            <pc:TextLine id="region_id_10_line0012">
                <pc:AlternativeImage filename="OCR-D-IMG-CLIP/OCR-D-IMG-CLIP_Marpurg_1757-049_region_id_10_region_id_10_line0012.png" comments="binarized,clipped"/>
                <pc:Coords points="1601,2159 2655,2159 2655,2236 1601,2236"/>
                <pc:TextEquiv conf="0.9997172951698303">
                    <pc:Unicode>dieſe Differenz wird das pythagoriſche</pc:Unicode>
                </pc:TextEquiv>
            </pc:TextLine>
            <pc:TextLine id="region_id_10_line0013">
                <pc:AlternativeImage filename="OCR-D-IMG-CLIP/OCR-D-IMG-CLIP_Marpurg_1757-049_region_id_10_region_id_10_line0013.png" comments="binarized,clipped"/>
                <pc:Coords points="1601,2236 2657,2236 2657,2307 1601,2307"/>
                <pc:TextEquiv conf="0.9898166656494141">
                    <pc:Unicode>Comma genennet, und iſt weit betraͤch⸗</pc:Unicode>
                </pc:TextEquiv>
            </pc:TextLine>
            <pc:TextLine id="region_id_10_line0014">
                <pc:Coords points="1603,2321 2655,2321 2655,2392 1603,2392"/>
                <pc:TextEquiv conf="0.9978899955749512">
                    <pc:Unicode>tiger, wie man ſehen kann, als das bey</pc:Unicode>
                </pc:TextEquiv>
            </pc:TextLine>
            <pc:TextLine id="region_id_10_line0015">
                <pc:Coords points="1601,2394 2653,2394 2653,2469 1601,2469"/>
                <pc:TextEquiv conf="0.9879281520843506">
                    <pc:Unicode>der Anmerk. (p) erklaͤrte Comma, wel⸗</pc:Unicode>
                </pc:TextEquiv>
            </pc:TextLine>
            <pc:TextLine id="region_id_10_line0016">
                <pc:Coords points="1603,2474 2135,2474 2135,2538 1603,2538"/>
                <pc:TextEquiv conf="0.9967824220657349">
                    <pc:Unicode>ches nur wie iſt.</pc:Unicode>
                </pc:TextEquiv>
            </pc:TextLine>
            <pc:TextEquiv>
                <pc:Unicode>Einheit vorſtellet. Der oberſte Terminus
in dieſem letzten Bruche iſt nichts anders,
als eine I1 mal in ſich ſelbſt multiplicirte 3,
und der untere Terminus eine 18 mal in ſich
ſelbſt multiplicirte 2. Es giebet es der
Augenſchein, daß dieſer den Werth des
his andeutende Bruch, nicht der den
Werth des C andeutenden Einheit gleich
iſt, obgleich auf dem Claviere die Toͤne
his und c vermenget werden. Dieſer
Bruch (15) uͤbertrift die Einheit um
t, das iſt ungefaͤhr um , und
dieſe Differenz wird das pythagoriſche
Comma genennet, und iſt weit betraͤch⸗
tiger, wie man ſehen kann, als das bey
der Anmerk. (p) erklaͤrte Comma, wel⸗
ches nur wie iſt.</pc:Unicode>
            </pc:TextEquiv>
        </pc:TextRegion>
        <pc:TextRegion id="region_id_11" type="paragraph">
            <pc:Coords points="1597,3273 1577,2554 2686,2553 2688,3263 1597,3273"/>
            <pc:TextLine id="region_id_11_line0000">
                <pc:Coords points="1685,2555 2656,2555 2656,2626 1685,2626"/>
                <pc:TextEquiv conf="0.9972180724143982">
                    <pc:Unicode>Man hat bemerket, daß die Fort⸗</pc:Unicode>
                </pc:TextEquiv>
            </pc:TextLine>
            <pc:TextLine id="region_id_11_line0001">
                <pc:Coords points="1601,2635 2654,2635 2654,2701 1601,2701"/>
                <pc:TextEquiv conf="0.9836434721946716">
                    <pc:Unicode>ſchreitung der Quinten ein von dm c un⸗</pc:Unicode>
                </pc:TextEquiv>
            </pc:TextLine>
            <pc:TextLine id="region_id_11_line0002">
                <pc:Coords points="1600,2712 2656,2712 2656,2787 1600,2787"/>
                <pc:TextEquiv conf="0.985072672367096">
                    <pc:Unicode>terſchiedenes his giebet. Die Fort⸗</pc:Unicode>
                </pc:TextEquiv>
            </pc:TextLine>
            <pc:TextLine id="region_id_11_line0003">
                <pc:Coords points="1602,2791 2659,2791 2659,2868 1602,2868"/>
                <pc:TextEquiv conf="0.9975947141647339">
                    <pc:Unicode>ſchreitung der großen Terzen brin⸗</pc:Unicode>
                </pc:TextEquiv>
            </pc:TextLine>
            <pc:TextLine id="region_id_11_line0004">
                <pc:Coords points="1604,2875 2653,2875 2653,2942 1604,2942"/>
                <pc:TextEquiv conf="0.9989284873008728">
                    <pc:Unicode>get noch eine andre Differenz hervor.</pc:Unicode>
                </pc:TextEquiv>
            </pc:TextLine>
            <pc:TextLine id="region_id_11_line0005">
                <pc:Coords points="1607,2951 2652,2951 2652,3027 1607,3027"/>
                <pc:TextEquiv conf="0.9987058043479919">
                    <pc:Unicode>Wir ſetzen die Progreßion c, e, gis, his.</pc:Unicode>
                </pc:TextEquiv>
            </pc:TextLine>
            <pc:TextLine id="region_id_11_line0006">
                <pc:AlternativeImage filename="OCR-D-IMG-CLIP/OCR-D-IMG-CLIP_Marpurg_1757-049_region_id_11_region_id_11_line0006.png" comments="binarized,clipped"/>
                <pc:Coords points="1606,3030 2653,3030 2653,3107 1606,3107"/>
                <pc:TextEquiv conf="0.9628255367279053">
                    <pc:Unicode>Das e iſt , das gis F, und das his</pc:Unicode>
                </pc:TextEquiv>
            </pc:TextLine>
            <pc:TextLine id="region_id_11_line0007">
                <pc:AlternativeImage filename="OCR-D-IMG-CLIP/OCR-D-IMG-CLIP_Marpurg_1757-049_region_id_11_region_id_11_line0007.png" comments="binarized,clipped"/>
                <pc:Coords points="1613,3105 2656,3105 2656,3182 1613,3182"/>
                <pc:TextEquiv conf="0.9830352067947388">
                    <pc:Unicode>, wovon die Unteroctave H giebet.</pc:Unicode>
                </pc:TextEquiv>
            </pc:TextLine>
            <pc:TextLine id="region_id_11_line0008">
                <pc:Coords points="1607,3190 1607,3265 2470,3265 2659,3263 2659,3190 1607,3190"/>
                <pc:TextEquiv conf="0.9758284091949463">
                    <pc:Unicode>Hieraus iſt klar, daß das his nur Hr,</pc:Unicode>
                </pc:TextEquiv>
            </pc:TextLine>
            <pc:TextEquiv>
                <pc:Unicode>Man hat bemerket, daß die Fort⸗
ſchreitung der Quinten ein von dm c un⸗
terſchiedenes his giebet. Die Fort⸗
ſchreitung der großen Terzen brin⸗
get noch eine andre Differenz hervor.
Wir ſetzen die Progreßion c, e, gis, his.
Das e iſt , das gis F, und das his
, wovon die Unteroctave H giebet.
Hieraus iſt klar, daß das his nur Hr,</pc:Unicode>
            </pc:TextEquiv>
        </pc:TextRegion>
        <pc:TextRegion id="region_id_12" type="footer">
            <pc:Coords points="2552,3337 2552,3262 2673,3262 2673,3337 2552,3337"/>
            <pc:TextLine id="region_id_12_line0000">
                <pc:Coords points="2568,3271 2659,3271 2659,3325 2568,3325"/>
                <pc:TextEquiv conf="0.9943806529045105">
                    <pc:Unicode>das</pc:Unicode>
                </pc:TextEquiv>
            </pc:TextLine>
            <pc:TextEquiv>
                <pc:Unicode>das</pc:Unicode>
            </pc:TextEquiv>
        </pc:TextRegion>
    </pc:Page>
</pc:PcGts>
