2973 3645
561 194 2369 315 dem Werthe der Roten, dem Tacte und der Ruͤckung.
2453 229 2536 298 77
431 350 2534 457 Das viereckichte Be () dienet darzu, eine Note, die um
408 442 2534 540 einen halben Ton erhoͤhet oder erniedriget worden, wieder in ihre
408 529 2136 616 vorige Stelle zu verſetzen.
1374 624 1613 704 §. 173.
579 727 2539 818 Wenn ein oder b vorne am Schluͤſſel ſtehet: ſo muͤſſen alle
411 817 2536 903 Noten, die auf derjenigen Linie oder demjenigen Zwiſchenraume vor⸗
384 907 2535 992 kommen, wo eines dieſer Zeichen ſtehet, hiernach entweder um einen
406 994 2535 1087 halben Ton erhoͤhet oder erniedriget werden. Zum Exempel, wenn
404 1081 2536 1169 die Vorzeichnung des C Schluͤſſels auf der erſten Linie mit einem t
406 1169 2537 1263 auf dem Zwiſchenraume f verbunden wird: ſo muß allezeit fis ge⸗
405 1260 2532 1350 nommen werden, und kann man nicht eher f nehmen, ehe nicht ein
403 1347 1468 1415 vorkoͤmmt.
579 1455 2536 1551 Eben ſo verhaͤlt es ſich, wenn ein b beym Schluͤſſel ſtehet, z. E.
405 1546 2536 1633 auf der vierten Linie des C Schluͤſſels auf der erſten Linie; da man
384 1629 2537 1726 alsdenn nicht eher ein h nehmen kann, ehe ſolches nicht durch das
406 1718 2298 1805 Wiederherſtellungszeichen angezeiget wird.
1338 1847 1609 1931 §. 174.
572 1949 2537 2042 Jedes muſikaliſche Stuͤck wird in verſchiedene gleiche Theile oder
403 2043 2538 2124 Zeiten abgetheilet, welche man Tacte nennet; und jeder Tact wird
404 2131 2393 2206 wieder in verſchiedene Theile oder Zeiten unterſchieden.
579 2244 2533 2337 Der Tact iſt eigentlich zweyerley: der zweytheilige oder ge⸗
405 2327 2535 2410 rade Tact, welcher durch 2 uͤberhaupt, oder beſonders durch * oder
404 2414 2535 2509 1 oder angezeiget wird; und der dreytheilige oder ungerade
406 2499 2535 2594 Tact, welcher durch 3 uͤberhaupt, oder beſonders durch oder
406 2595 1541 2673 oder angezeiget wird.
577 2685 2532 2784 Die Tacte eines Stuͤcks werden einer von dem andern durch per⸗
406 2777 1351 2860 pendiculare Linien abgeſondert.
583 2877 2534 2965 Man unterſcheidet in einem Tacte zweyerley Arten von Tact⸗
402 2962 2530 3056 theilen, ein gutes und ein ſchlechtes. Das aute Tacttheil faͤllt in
400 3052 2529 3146 den Niederſchlag, und das ſchlechte in den Aufſchlag. Eine vierthei⸗
400 3135 2530 3228 lige Tactart kann fuͤr nichts anders, als eine zuſammengeſetzte zwey⸗
1527 3230 2526 3321 K3theili⸗
