2973 3606
1210 208 1705 295 Vorbereitung.
2459 223 2495 283 5
555 349 2490 438 Ein Jntervall, welches aus fuͤnf ganzen und einem halben Tone
387 438 2201 527 beſteht, als c:h, heißt eine große Septime.
560 528 2488 610 Ein Jntervall, welches aus fuͤnf ganzen und zweenen halben Td⸗
388 613 1627 692 nen beſteht, als c:c, heiſt eine Octave.
1338 725 1564 804 §. 10
559 795 2494 912 Zween Klaͤnge, die von gleicher Hoͤhe oder Tiefe ſind, ſie moͤgen
390 901 2489 993 in der Staͤrke einander gleich ſeyn oder nicht, machen einen Einklang.
1351 1017 1568 1098 §. 11.
392 1097 2492 1186 .Von zweenen Toͤnen, die ein gewiſſes Jntervall zuſammen ma
390 1187 2487 1273 chen, verhaͤlt ſich der unterſte gegen den oberſten, wie der oberſte gegen
393 1276 2492 1359 den unterſten. So iſt z. E. in der kleinen Terz e: g, wo das e
394 1357 2492 1449 den tiefſten, und das g den hoͤchſten Klang enthaͤlt, der Ton g die
397 1443 2493 1536 kleine Terz von e, aufwaͤrts gerechnet; und der Ton e die kleine
394 1529 2232 1620 Terz von g, abwaͤrts gerechnet.
1337 1657 1556 1738 §. 12.
562 1751 2505 1834 Gleiche Bewandniß hat es, wenn man von zweyen klingenden
396 1839 2495 1923 Werkzeugen ſpricht, daß das eine eine Quinte hoͤher ſteht, als das
393 1923 2505 2006 andere; welches naͤmlich ſo viel ſagen will, als daß der Ton, den das
395 2012 2495 2094 eine hervor bringet, eine Quinte hoͤher, als der Ton von dem andern iſt.
1084 2252 2325 2374 Drittes Capitel.
400 2375 2497 2507 Von Jntervallen, die groͤßer als die Octave ſind.
1344 2542 1557 2634 §. 13.
394 2661 649 2880 W
656 2658 2496 2749 enn man die Tonleiter c. d. e.f. g. a. h.c. im Hinaufſteigen
700 2747 2505 2831 weiter fortſetzen will: ſo wird man ohne Muͤhe wahrneh⸗
703 2835 2498 2920 men, daß man eine der erſten ganz aͤhnliche neue Tonleiter
401 2924 2498 3006 formiren wird, und daß die Toͤne derſelben nichts anders, als Ober⸗
396 3007 2496 3093 octaven der Toͤne aus der erſten Leiter ſimd. So iſt z. E. das d aus
401 3096 2496 3182 der zweyten Tonleiter die Oberoctave des d aus der erſten; das e die
402 3182 2479 3265 Oberoctave von e, und ſo weiter.
1583 3271 1713 3352 A3
2325 3268 2494 3347 §. 14.
