2973 3634
507 187 2324 278 1Buch. VCap. Von der diatoniſchen Tonleiter c.
2426 212 2496 264 t
363 337 2495 423 Man muß aber gleichwol beobachten, daß das Ohr, welches ſogleich
366 428 2496 515 von der Haupttonart eingenommen worden, allezeit begierig iſt, ſolche
369 511 2496 604 wieder zu hoͤren. Je weiter ſich alſo die Toͤne, worinnen man
370 598 2499 695 ausweichet, von dem Haupttone entfernen: deſto kuͤrzere Zeit muß
370 692 2203 776 man ſich darinnen aufhalten.
1081 929 1814 1023 Fuͤnftes Capitel.
407 1061 2468 1195 Von der diatoniſchen Tonleiter der Griechen.
1305 1245 1552 1324 §. 44.
377 1349 573 1571 D
579 1349 2511 1442 araus, daß man in der Fortſchreitung der Quinten f:c: g mit
615 1444 2511 1524 fallenden Quinten und ſteigenden Quarten, und umgekehrt,
622 1531 2514 1609 mit ſteigenden Quinten und fallenden Quarten procediren
382 1616 2454 1701 kann, folget, daß man nachſtehenden Grundbaß formiren kann:
1333 1837 1565 1919 §. 45.
564 1932 2517 2017 Ein jeder von dieſen Toͤnen fuͤhret nothwendiger Weiſe ſeine
385 2021 2513 2108 große Terz, ſeine Quinte und Octave, bey ſich, dergeſtalt, daß, wenn
386 2108 2513 2204 man z. E. g ſinget, ſolches ſo viel iſt, als wenn man g: h: d: g
388 2195 2514 2283 ſaͤnge. Der Ton c fuͤhret die Harmoniec: e: g: cmit ſich, und
387 2281 2512 2367 der Ton f die Harmonie f: a: c: f. Der Geſang oder der
390 2371 1250 2458 Grundbaß:
973 2450 2447 2543 g:c:g:c:f:c: f
391 2552 2412 2644 giebet alſo folgenden diatoniſchen Geſang:
430 2650 2367 2755 h:c: d:e:f: g: a
392 2760 2515 2848 welcher gerade die diatoniſche Tonleiter der Griechen iſt (2). Wir
393 2850 2513 2936 wiſſen nicht, nach was fuͤr Grundſaͤtzen ſie ſolche gebildet haben. Es
393 2938 2512 3027 giebet aber der Augenſchein, daß dieſe Tonleiter aus dem vorhin er⸗
393 3027 2513 3109 klaͤrten Grundbaſſe erwaͤchſt, und daß dieſer Baß deswegen mit Rechte
398 3113 2513 3202 Grundbaß genennet wird, weil er in der That der urſpruͤngliche Ge⸗
1566 3190 2513 3288 E3ſang
