2973 3704
445 146 587 256 76
632 133 2462 256 IIBuch. IIICap. Von den verſchiedenen Schluͤſſeln,
451 288 2656 489 Der CSchluͤſſel wird auf die erſte, zweyte, dritte oder vierte
451 288 2656 489 Linie geſetzet, und die Linie nach ihm c benennet.
445 521 2682 728 Der G Schluͤſſel wird auf die erſte oder zweyte Linie geſetzet,
445 521 2682 728 und heißt die Linie nach ihm g.
1440 786 1714 887 §. 171.
458 896 2676 1452 Da die Noten auf die Linien und zwiſchen die Linien geſetzet
458 896 2676 1452 werden: ſo kann man, bey dem Anblicke eines Schluͤſſels, ſogleich den
458 896 2676 1452 Namen einer jeden Note wiſſen. Alſo ſiehet man, daß in dem F
458 896 2676 1452 Schluͤſſel die unterſte Liie oder die darauf geſetzte Note ein g; die
458 896 2676 1452 zwiſchen der erſten und zweyten Linie darauf folgende Note ein a;
458 896 2676 1452 die zweyte Linie ein h heißen muß, u. ſ. w. )
1415 1524 1719 1621 §. 172.
439 1634 2663 1918 Eine Note, vor welcher ein Kreuz (t) ſtehet, muß um einen
439 1634 2663 1918 halben Ton erhoͤhet werden; und ſtehet ein Be (b) davor, ſo muß
439 1634 2663 1918 ſolche um einen halben Ton erniedriget werden.
2488 1929 2655 2007 Das
439 2041 2714 3315 i) Die verſchiedenen Arten der Schluͤſ. Ein tiefer Tenor heißt Barytonus
439 2041 2714 3315 ſel ſind des verſchiedenen Umfangs der oder Concordant.
439 2041 2714 3315 Stimmen und Jnſtrumente wegen erfun⸗
439 2041 2714 3315 JW nſrumene weun erfun ein iier ut beit ein Contralt,
439 2041 2714 3315 Es giebt vier Hauptſtimmen: der vder Contraalt.
439 2041 2714 3315 Diskant, Alt, Tenor und Baß. Fuͤr die Geige Floͤte Oboe re bedienet
439 2041 2714 3315 Jn Singen bedienet man ſich des C man ſich des G Scluͤſſels auf der wen⸗
439 2041 2714 3315 ü z c üü ſre ssais et irwm
439 2041 2714 3315 Diskant oder Sopran; des CSchluͤſſels
439 2041 2714 3315 auf der dritten Linie fuͤr den Alt; des C Fuͤr das Clavier bedienet man ſich
439 2041 2714 3315 Schluͤſſels auf der vierten Linie fuͤr den fuͤr die rechte Hand entweder des G
439 2041 2714 3315 Tenor; und des Schluͤſſels auf der Schluͤſſels auf der zweyten Linie, oder
439 2041 2714 3315 vierten Linie fuͤr den Baß. des CSchluͤſſels auf der erſten Linie;
439 2041 2714 3315 Ein ſehr tiefer Vocalbaß wird ein fuͤr die linke Hand aber des Schluͤſſels
439 2041 2714 3315 Contrabaß genennet. auf der vierten Linie.
477 2060 1544 2377 i) Die verſchiedenen Arten der Schluͤſ.
477 2060 1544 2377 ſel ſind des verſchiedenen Umfangs der
477 2060 1544 2377 Stimmen und Jnſtrumente wegen erfun⸗
477 2060 1544 2377 den worden.
464 2396 1544 2558 Es giebt vier Hauptſtimmen: der
464 2396 1544 2558 Diskant, Alt, Tenor und Baß.
464 2545 1544 3088 Jm Singen bedienet man ſich des C
464 2545 1544 3088 Schluͤſſels auf der erſten Linie fuͤr den
464 2545 1544 3088 Diskant oder Sopran; des CSchluͤſſels
464 2545 1544 3088 auf der dritten Linie fuͤr den Alt; des C
464 2545 1544 3088 Schluͤſſels auf der vierten Linie fuͤr den
464 2545 1544 3088 Tenor; und des F Schluͤſſels auf der
464 2545 1544 3088 vierten Linie fuͤr den Baß.
477 3081 1557 3262 Ein ſehr tiefer Vocalbaß wird ein
477 3081 1557 3262 Contrabaß genennet.
1589 2079 2662 2234 Ein tiefer Tenor heißt Barytonus
1589 2079 2662 2234 oder Concordant.
1576 2280 2662 2454 Ein tiefer Alt heißt ein Contralt,
1576 2280 2662 2454 oder Contraalt.
1576 2493 2669 2732 Fuͤr die Geige, Floͤte Oboe ꝛe. bedienet
1576 2493 2669 2732 man ſich des G Schluͤſſels auf der zwey⸗
1576 2493 2669 2732 ten Linie.
1576 2764 2662 3262 Fuͤr das Clavier bedienet man ſich
1576 2764 2662 3262 fuͤr die rechte Hand entweder des G
1576 2764 2662 3262 Schluͤſſels auf der zweyten Linie, oder
1576 2764 2662 3262 des CSchluͤſſels auf der erſten inie;
1576 2764 2662 3262 fuͤr die linke Hand aber des F Schluͤſſels
1576 2764 2662 3262 auf der vierten Linie.
