2973 3631
728 211 2223 297 IBuch. vI Cap. Von der Temperatur.
2425 237 2514 301 35
402 358 2507 447 das iſt, welche ſo beſchaffen ſeyn muß, daß das his entweder eben
399 445 2505 529 denſelben Ton hat, als das C, bey welchem man die Stimmung an⸗
397 532 2507 617 gefangen, oder daß ſolches zu C eine vollkommen reine Octave ma⸗
400 621 2504 702 chet. Man muß alſo probiren, ob dieſes C oder die Octave davon
402 706 2506 791 eine gute Quinte mit dem letzten eis oder f machet. Jſt dieſes, ſo
400 795 2505 878 kann man verſichert ſeyn, daß das Clavier gut geſtimmet iſt. Jſt
400 884 2505 969 die letzte Quinte aber nicht gut, ſo wird ſie entweder zu ſtark oder zu
390 969 2508 1070 ſchwach ſeyn. Jſt ſie zu ſtark, ſo iſt ſolches ein Zeichen, daß man die
401 1061 2507 1143 andern Quinten, oder zum wenigſten einige zu ſehr erniedriget hat.
401 1145 2508 1227 Jſt ſie zu ſchwach, ſo iſt ſolches ein Zeichen, daß man die andern nicht
400 1233 2511 1318 genug erniedriget hat. Man muß alſo auf ſeine Spuren zuruͤck keh⸗
400 1320 2509 1491 ren ud ſo lange temperiren, bis die letzte Quinte von ſelbſten
398 1412 756 1491 gut iſt ).
1577 1500 2514 1580 E2 Ver⸗
478 1627 1425 1695 x) Uebrigens muͤſſen wir mit dem
403 1701 1426 1777 Hrn. Rameau geſtehen, daß dieſe Tem⸗
405 1786 1427 1852 peratur von der gewoͤhnlichen ſehr viel
405 1863 1431 1930 unterſchieden iſt. Laßt uns ſehen, worin⸗
407 1935 1429 2003 nen dieſe beſtehet. Man faͤnget mitten
408 2016 1431 2081 auf dem Griffbrete bey c an, und ſtimmet
406 2091 1429 2163 die vier erſten Quinte g, d, a, e etwas
409 2171 1428 2237 unter ſich, ſo lange bis das e eine gute
409 2243 1428 2311 große Terz gegen c machet. Man faͤn⸗
409 2322 1428 2389 get wieder bey e an, und ſtimmet die
414 2397 1429 2467 Quinten h, fis, cis, gis, aber nicht ſo
414 2476 1429 2540 ſehr unter ſich ſchwebend, als die vorigen,
413 2550 1432 2626 dergeſtalt, daß gis faſt eine reine große
413 2629 1433 2697 Terz gegen e machet. Wenn man bis zum
417 2702 1434 2780 gis gekommen iſt, ſo haͤlt man ein; man
415 2782 1434 2849 nimmt wieder das erſte cozur Hand,
417 2856 1434 2927 ſtimmet die Unterquinte f, hernach die
416 2933 1434 3003 Unterquinte b von f, u. ſ. w. Man
417 3016 1436 3079 machet alle dieſe Quinten etwas ſcharf,
417 3090 1439 3159 bis man zu des oder cis koͤmmt, welches
416 3164 1437 3241 mit dem ſchon geſtimmten gis eine gute
415 3247 1219 3315 Quinte machen muß.
1568 1631 2513 1699 Wenn man in dieſer gebraͤuchlichen
1491 1708 2512 1777 Temperatur weniger veraͤnderte Terzen,
1492 1782 2510 1853 als in desHrn. Rameau ſeiner antrift: ſo
1493 1865 2512 1938 ſind Gegentheils die Quinten deſto falſcher
1491 1944 2512 2010 darinnen, und viele Terzen ſind es auch,
1491 2018 2513 2084 dergeſtalt, daß auf einem ſo geſtimmten
1494 2090 2513 2159 Claviere fuͤnf bis ſechs unertraͤgliche Ton⸗
1493 2171 2514 2236 arten vorkommen, worinnen man nichts
1492 2249 2512 2317 executiren kann (22). Gegentheils ſind
1494 2324 2514 2390 in der Temperatur des Hrn. Rameau alle
1493 2401 2514 2465 Tonarten gleich gut; ein neuer Beweis
1495 2472 2513 2545 von ihrer Guͤte, weil die Temperatur
1496 2550 2516 2625 hauptſachlich deswegen erfordert wird,
1496 2632 2516 2696 daß man ohne Beleidigung des Gehoͤrs,
1499 2709 2514 2775 aus einem Tone in den andern gehen koͤn⸗
1499 2786 2514 2861 ne, z. E. aus c in g, aus g in d,
1495 2865 1698 2924 u. ſ. w.
1574 2940 2517 3008 Jch weis, daß dieſe Gleichfoͤrmigkeit
1500 3018 2517 3077 der Modulationen vielen Muſicis als ein
1503 3095 2518 3163 Mangel vorkommen wird. Denn ſie bil⸗
1498 3172 2522 3240 den ſich ein, daß, wenn ſie die halben Toͤ⸗
2467 3263 2522 3304 ne
478 1627 2513 1699 x) Uebrigens muͤſſen wir mit dem Wenn man in dieſer gebraͤuchlichen
403 1701 2512 1777 Hrn. Rameau geſtehen, daß dieſe Tem⸗ Temperatur weniger veraͤnderte Terzen,
405 1782 2510 1853 peratur von der gewoͤhnlichen ſehr viel als in desHrn. ameau ſeiner antrift: ſo
405 1863 2512 1938 unterſchieden iſt. Laßt uns ſehen, worin⸗ ſind Gegentheils die Quinten deſto falſcher
407 1935 2512 2010 nen dieſe beſtehet. Man faͤnget mitten darinnen, und viele Terzen ſind es auch,
408 2016 2513 2084 auf dem Griffbrete bey c an, und ſtimmet dergeſtalt, daß auf einem ſo geſtimmten
406 2090 2513 2163 die vier erſten Quinte g, d, a, e etwas Claviere fuͤnf bis ſechs unertraͤgliche Ton⸗
409 2171 2514 2237 unter ſich, ſo lange bis das e eine gute arten vorkommen, worinnen man nichts
409 2243 2512 2317 große Terz gegen c machet. Man faͤn⸗ executiren kann (22). Gegentheils ſind
409 2322 2514 2390 get wieder bey e an, und ſtimmet die in der Temperatur des Hrn. ameau alle
414 2397 2514 2467 Quinten h, fis, cis, gis, aber nicht ſo Tonarten gleich gut; ein neuer Beweis
414 2472 2513 2545 ſehr unter ſich ſchwebend, als die vorigen, von ihrer Guͤte, weil die Temperatur
413 2550 2516 2626 dergeſtalt, daß gis faſt eine reine große hauptſachlich deswegen erfordert wird,
413 2629 2516 2697 Terz gegen e machet. Wenn man bis zum daß man ohne Beleidigung des Gehoͤrs,
417 2702 2514 2780 gis gekommen iſt, ſo haͤlt man ein; man aus einem Tone in den andern gehen koͤn⸗
415 2782 2514 2861 nimmt wieder das erſte co zur Hand, ne, z. E. aus c in g, aus g in d,
417 2856 1698 2927 ſtimmet die Unterquinte f, hernach die u. ſ. w.
416 2933 2517 3008 Unterquinte b von f, u. ſ. w. Man Jch weis, daß dieſe Gleichfoͤrmigkeit
417 3016 2517 3079 machet alle dieſe Quinten etwas ſcharf, der Modulationen vielen Muſicis als ein
417 3090 2518 3163 bis man zu des oder cis koͤmmt, welches Mangel vorkommen wird. Denn ſie bil⸗
416 3164 2522 3241 mit dem ſchon geſtimmten gis eine gute den ſich ein, daß, wenn ſie die halben Toͤ⸗
415 3247 2522 3315 Quinte machen muß. ne
