2973 3662
431 202 578 285 114
833 183 2214 291 I Buch. XIII Cap. Den Grundbaß
431 349 2642 1225 Exempel, ich ſetze, daß ich in dem Tone c bin, und daß ich in dem
431 349 2642 1225 Geſange folgende zwo Noten finde a, h. Wenn ich es mir hier ge⸗
431 349 2642 1225 nug ſeyn laſſe, einen von dieſen dreyen Toͤnen c, g, f, in den
431 349 2642 1225 Grundbaß zu ſetzen: ſo finde ich fuͤr den Geſang a, h, keinen andern,
431 349 2642 1225 als folgenden Grundbaß f, g. Aber dieſe Fortſchreitung von f zu g
431 349 2642 1225 iſt vermittelſt der fuͤnften Regel des Grundbaſſes verboten, als nach
431 349 2642 1225 welcher jede Unterdominante als [tab], eine Quinte aufwaͤrts gehen ſoll;
431 349 2642 1225 daß folglich nicht die Note g, ſondern c auf das f in dem Grund⸗
431 349 2642 1225 baſſe folgen kann.
444 1237 2636 1902 Dieſer Ungleichheit abzuhelfen, kehret man den Accord der Un⸗
444 1237 2636 1902 terdominante f, a, c, d um, und macht ihn zum Septimenaccorde
444 1237 2636 1902 d, f, a, e, welches man den Doppelgebrauch nennet, (§. 105.)
444 1237 2636 1902 weil hierinnen die zweyte Art, den Aecord der Unterdominante zu ge⸗
444 1237 2636 1902 brauchen, beſtehet. Der Geſang a, h, bekoͤmmt vermittelſt dieſes
444 1237 2636 1902 Verfahrens den Grundbaß d, g, deſſen Fortſchreitung den Regeln
444 1237 2636 1902 gemaß iſt.
437 1908 2630 2113 Alſo haben wir folgende vier Accorde,ce g hd f
437 1908 2630 2113 BUV V V/ / 4 V/
437 1908 2630 2113 f, a, c, d, und d, f, a, c, die man in e dur gebrauchen kann.
444 2119 2623 2465 Man wird dieſe vier Accorde in a moll ebenfalls finden: az c,
444 2119 2623 2465 e, a; e, gis, h, d; d, f, a, h, und h, d, f, a; und in dieſer letz⸗
444 2119 2623 2465 ten Tonart wird, durch Veraͤnderung des f in fis, der letztere Ac⸗
444 2119 2623 2465 cord oͤfters in h, d, ſis, a, verwandelt.
444 2458 2604 2759 Außer dieſen itzt erwaͤhnten Accorden, die man als die vornehm⸗
444 2458 2604 2759 ſten eines Tons betrachten muß, giebet es noch verſchiedene andre,
444 2458 2604 2759 z. E. dieſe Folge von Dominanten:
444 3040 2604 3225 worinnen mit der toniſchen Note c angefangen und geſchloſſen wird,
444 3040 2604 3225 nd welche Reihe von Accorden gaͤnzlich in den Ton e dur gehoͤret,
2451 3225 2604 3321 weil
