2973 3697
427 133 550 249 68
434 397 2647 797 Zwanzigſtes Capitel.
434 397 2647 797 Von dem diatoniſch-enharmoniſchen
434 397 2647 797 Klan ggeſchlecht e.
1369 855 1679 965 §. 147.
427 939 718 1217 W
408 972 2660 1798 nn man einen Grundbaß aus wechſelsweiſe ſteigenden Quin⸗
408 972 2660 1798 ten und Terzen, oder welches einerley iſt, aus wechſelsweiſe
408 972 2660 1798 fallenden Quarten und ſteigenden Terzen formiret, z. E.
408 972 2660 1798 f, c, e, h.
408 972 2660 1798 ſo giebet dieſer Baß den Geſang:
408 972 2660 1798 f, e, e, dis.
408 972 2660 1798 worinnen die halben Toͤne f, e, und e, dis einander gleich ) und
408 972 2660 1798 zwar große halbe Toͤne ſind.
447 1798 2647 2198 Dieſes Klanggeſchlecht, worinnen alle halbe Toͤne groß ſind,
447 1798 2647 2198 heiſſet das diatoniſch⸗enharmoniſche Klanggeſchlecht, weil zween
447 1798 2647 2198 große halbe Toͤne hinter einander einen, um einen enharmoniſchen
447 1798 2647 2198 Viertheilston, zu großen ganzen Ton formiren.
2447 2604 2647 2721 Ein⸗
453 2753 1556 3321 ff Der Augenſchein giebet, daß, wenn
453 2753 1556 3321 das f aus dem Baſſe fuͤr 1 angenommen
453 2753 1556 3321 wird, das f aus der Leiter 2 iſt, c aus
453 2753 1556 3321 dem Baſſe und e aus der Leiter aus
453 2753 1556 3321 4, das iſt 4. Die Differenz von f zu
453 2753 1556 3321 e iſt alſo wie 2 gegen , oder wie 1ge⸗
453 2753 1556 3321 gen H Wenn nun e aus dem Baſſe
1576 2753 2654 3263 aus , oder 4 iſt, h aus dem Baſſe
1576 2753 2654 3263 aus , und dis von h: ſo ver⸗
1576 2753 2654 3263 haͤlt ſich e gegen dis wie gegen z
1576 2753 2654 3263 aus 44, das iſt wie i6 gegen 15. Folglich
1576 2753 2654 3263 ſind die beyden halben Toͤne f, e und e,
1576 2753 2654 3263 dis alle beyde groß.
427 2727 2712 3346 ff Der Augenſchein giebet, daß, wenn aus 4, oder 4 iſt, h aus dem Baſſe
427 2727 2712 3346 das f aus dem Baſſe fuͤr 1 angenommen aus , und dis von h: ſo ver⸗
427 2727 2712 3346 wird, das f aus der Leiter 2 iſt, c aus haͤlt ſich e gegen dis wie gegen 3
427 2727 2712 3346 dem Baſſe 3 und e aus der Leiter aus aus 44, das iſt wie i6 gegen 15. Folglich
427 2727 2712 3346 4, das iſt . Die Differenz von f zu ſind die beyden halben Toͤne f, e und e,
427 2727 2712 3346 e iſt alſo wie 2 gegen, oder wie 1ge⸗ dis alle beyde groß.
427 2727 2712 3346 gen H Wenn nun e aus dem Baſſe
