2973 3681
448 186 520 260 52
627 159 2463 276 1Buch. XIII Cap. Regeln vom Doppelgebrauche ꝛc.
520 306 2614 413 igen, und man wird oben, uͤber d f, a den Ton h hinzufuͤgen, als:
453 325 2631 505 e:ee eeaer
457 485 2626 592 und ſo wie man aus dem Accorde f, a, c,d den folgenden d, f, a, c. ge⸗
455 573 2628 684 zogen hat: ſo wird man aus dem Accorde d, f, a, h einen neuen Accord
457 658 2616 772 der Septime, namlich den folgenden h, d,f,a ziehen, welcher zum
457 751 2542 846 Doppelgebrauche der Diſſonanz in der kleinen Tonart dienen wird.
1425 888 1668 966 §. 110.
620 975 2618 1082 Man kann dieſen Accord h, d, f, a dazu anwenden, den Eindruck
455 1065 2615 1176 des Tons a in der diatoniſchen Leiter der weichen Tonart zu erhalten,
455 1157 2621 1258 und um den Ton e nicht zweymal wiederholen zu duͤrfen. Aber in
457 1240 2622 1352 dieſem Falle wird man das f in fis, und den Accord in h, d, fis, a
455 1324 2625 1440 verandern muſſen, weil fis die Quinte von h iſt, wie wir oben geſe⸗
457 1417 2624 1501 hen haben.
636 1505 2618 1614 Dieſer Accord zeiget ſich alsdenn in einer umgekehrten Geſtalt
451 1595 2633 1693 gegen den Accord d, fis, a, h worinnen die Unterdominante d die
453 1680 2622 1793 große Terz uͤber ſich hat, welches gar nicht fremde ſcheinen muß.
453 1773 2618 1885 Denn in der kleinen Tonart a iſt das zweyte Tetrachord e, fis, gis, a
453 1858 2618 1965 eben ſo beſchaffen, als es in der großen Tonart a ſeyn wuͤrde, allwo
455 1944 2618 2066 namlich die Unterdominante d die große Terz fis uͤber ſich haben muß.
1425 2087 1654 2168 §. II.
636 2187 2617 2298 Man wird hieraus ſehen, daß die kleine Tonart weit mehrer
452 2268 2615 2380 Veraͤnderungen, als die große Tonart faͤhig iſt. Es iſt auch dieſe
456 2363 2618 2474 letztere ein Werk der Natur ſelber, anſtatt daß an der erſtern die Kunſt
452 2451 2618 2559 ihren Antheil hat. Gegentheils hat die von der Natur unmittelbar
455 2537 2630 2649 formirte große Tonart von derſelben eine gewiſſe Kraft und eine Art
454 2624 2423 2734 von Staͤrke erhalten, die der kleinen Tonart mangelt.
2409 3225 2604 3328 Vier⸗
