2973 3700
480 201 560 250 22
1053 177 2086 295 1Buch VCap. Von der
485 298 2660 523 ſang, und derjenige iſt, der das Ohr anfuͤhret, und welchen ſich dieſes
485 298 2660 523 im dem diatoniſchen Geſange h, c, d, e, f, g, a vorſtellet ).
1414 531 1712 648 §. 46.
442 633 2680 815 Dieſe Wahrheit wird durch folgende Anmerkungen noch mehr
442 633 2680 815 Licht erhalten.
462 820 2695 1281 Jn dem Geſange: h, c, d, e, f, g, a, machen die Toͤne d und f
462 820 2695 1281 eine kleine Terz unter ſich, die aber nicht ſo rein, als e und g iſt n).
462 820 2695 1281 Gleichwohl faͤllt dieſe Alteration der kleinen Terz d: f dem Gehoͤre
462 820 2695 1281 nicht verdruͤßlich, weil dieſes d und f, ob ſie ſchou keine reine kleine
462 820 2695 1281 Terz unter ſich machen, dennoch, ein jeder Ton beſonders betrachtet,
2507 1281 2669 1372 voll⸗
462 1372 1545 1772 h Es iſt nichts leichter, als den nu⸗
462 1372 1545 1772 meriſchen Werth der Toͤne dieſer Leiter in
462 1372 1545 1772 Anſehung des Tons c, den wir 1 heißen, zu
462 1372 1545 1772 finden; denn die Toͤne g und f aus dem
462 1372 1545 1772 Baſſe ſind 4 und 4. Hieraus folget:
502 1797 1566 3377 1) Daß das c aus der Leiter die Ober⸗
502 1797 1566 3377 octave von c aus dem Baſſe, und
502 1797 1566 3377 alſo 2 iſt.
502 1797 1566 3377 2) Daß h die große Terz von g, das
502 1797 1566 3377 iſt, 4 aus 4 (nach der An⸗
502 1797 1566 3377 merk. d) und folglich iſt.
502 1797 1566 3377 3) Daß d die Quinte von g, das iſt,
502 1797 1566 3377 aus, und folglich iſt.
502 1797 1566 3377 4) Daß e die große Terz von der
502 1797 1566 3377 Octave c, und folglich noch einmal
502 1797 1566 3377 ſo viel als , das iſt iſt.
502 1797 1566 3377 5) Daß f die Doppeloctave von dem
502 1797 1566 3377 f aus dem Baſſe, und folglich
502 1797 1566 3377 6) Daß g aus der Leiter die Oetave
502 1797 1566 3377 von g aus dem Baſſe, und folg⸗
502 1797 1566 3377 lich 3 iſt.
502 1797 1566 3377 7) Daß endlich a aus der Leiter die
502 1797 1566 3377 große Terz von f aus der Leiter,
502 1797 1566 3377 d. i. aus oder iſt.
1581 1392 2669 1620 Man erhaͤlt hierdirch folgende mit ih⸗
1581 1392 2669 1620 rem numeriſchen Werthe bezeichnete Ta⸗
1581 1392 2669 1620 belle.
1758 1620 2487 1706 Diatoniſche Tonleiter.
1591 1838 1930 1954 Grundbaß.
1591 2030 2659 2455 Wenn man, zur Bequemlichkeit des
1591 2030 2659 2455 Calculi, den Ton c aus der Tonleiter 1
1591 2030 2659 2455 nennen will, ſo brauchet man alsdenn nur
1591 2030 2659 2455 die die Tonleiter abbildende Zahlen mit
1591 2030 2659 2455 2 zu dividiren, und man erhaͤlt:
1571 2648 2669 3362 m) Um das d mit dem f zu verglei⸗
1571 2648 2669 3362 chen, darf man nur ? und gegen ein⸗
1571 2648 2669 3362 ander halten. Die Proportion dieſer
1571 2648 2669 3362 Bruͤche (Anmerk. d) wird ſeyn, wie
1571 2648 2669 3362 9 mal 3 gegen 8 mal 4, das iſt, wie 27
1571 2648 2669 3362 gegen 32. Folglich iſt die kleine Terz d: f
1571 2648 2669 3362 nicht rein, weil die Ration 27: 32 mit
1571 2648 2669 3362 der Ration 5: 6 nicht einerley iſt, (An⸗
1571 2648 2669 3362 merk. g und die Differenz iſt wie 81 :80.
431 1357 2700 3411 h Es iſt nichts leichter, als den nu⸗ Man erhaͤlt hierdiurch folgende mit ih⸗
431 1357 2700 3411 meriſchen Werth der Toͤne dieſer Leiter in rem numeriſchen Werthe bezeichnete Ta⸗
431 1357 2700 3411 Anſehung des Tons c, den wir 1 heißen, zu belle.
431 1357 2700 3411 finden; denn die Toͤne g und f aus dem Diatoniſche Tonleiter.
431 1357 2700 3411 Baſſe ſind 4 und 3. Hieraus folget: 2243
431 1357 2700 3411 1) Daß das c aus der Leiter die Ober⸗hcde fgga
431 1357 2700 3411 octave von c aus dem Baſſe, und Grundbaß. g cg c fc f
431 1357 2700 3411 alſo 2 iſt.11117
431 1357 2700 3411 2) Daß h die große Terz von g, das Wenn man zur Bequemlichkeit des
431 1357 2700 3411 iſt, 4 aus 4 (nach dei An⸗1l'd Tsde Tl
431 1357 2700 3411 merk. d) und folglich iſt alcun, den Ton c aus der Tonleiter 1
431 1357 2700 3411 ) Daß d die Quinte von g d8q nennen will, ſo brauchet man alsdenn nur
431 1357 2700 3411 sdfll'ch ſt die die Tonleiter abbildende Zahleut
431 1357 2700 3411 1aas2, und ſolsio Lit. i i . , u?r nr
431 1357 2700 3411 4) Daß e die große Terz von der 121*4
431 1357 2700 3411 Octave c, und folglich noch einmalh
431 1357 2700 3411 ſo viel als 4, das iſt iſt.ycoefga
431 1357 2700 3411 5) Daß f die Doppeloctave von dem m) Um das d mit dem f zu verglei⸗
431 1357 2700 3411 f aus dem Baſſe, und folglich chen, darf man nur Z und gegen ein⸗
431 1357 2700 3411 iſt. ander halten. Die Proportion dieſer
431 1357 2700 3411 6) Daß g aus der Leiter die Octave Bruͤche (Anmerk. d) wird ſeyn, wie
431 1357 2700 3411 von g aus dem Baſſe, und folg⸗ 9 mal 3 gegen 8 mal 4, das iſt, wie 27
431 1357 2700 3411 lich 3 iſt. gegen 32. Folglich iſt die kleine Terz d: f
431 1357 2700 3411 7) Daß endlich a aus der Leiter die nicht rein, weil die Ration 27: 32 mit
431 1357 2700 3411 große Terz von f aus der Leiter, der Ration 5: 6 nicht einerley iſt, (An⸗
431 1357 2700 3411 d. i. aus oder iſt. merk. g und die Differenz iſt wie 8i :80.
