2973 3681
450 187 537 254 66
985 180 2145 281 1 Buch. XX Cap. Von dem
1417 337 1639 415 §. 145.
629 419 2608 509 Wir haben im § 1n6 gezeigt, auf was fuͤr eine Art man den
450 512 2609 606 aus lauter kleinen Terzen beſtehenden Accord gis, h, d, f in die kleine
446 599 2608 685 Tonart einfuͤhret. Da dieſer Accord die Stelle des Accords von der
446 687 2612 788 Dominante vertritt (§. 116): ſo kann man von dieſem Accorde zu
447 776 2610 875 dem Accorde von der toniſchen oder Stammnote a (§. 17) fortgehen.
448 869 2284 935 Aber es iſt zu beobachten,
635 963 2610 1069 1) daß dieſer Accord gis, h, d, f, auf folgende dreyfache Art
623 1058 2567 1162 umgekehret werden kann, als:
1096 1143 2210 1249 1)h, d, f, gis.
1090 1233 2237 1337 2) d, f gis h.
1077 1322 2284 1432 ) f, gis h, d.
450 1434 2607 1534 und daß er in allen dieſen drey verſchiedenen Stellungen aus drey
449 1525 2608 1618 kleinen Terzen (33) zuſammengeſetzt bleibet, und zwar aus reinen
450 1606 2610 1711 kleinen Terzen; zum wenigſten wird der Raum von f zu gis nur um
452 1702 2609 1790 einen enharmoniſchen Viertheilston von der Reinigkeit der kleinen
453 1793 2610 1887 Terz differiren. Denn die reine kleine Terz, wie z. E. e, g, in der dia⸗
450 1881 2611 1972 toniſchen Leiter, beſtehet aus einem großen halben, und großen gan⸗
452 1965 2607 2060 zen Tone. Wenn nun von f zu g ein großer ganzer Ton, und
454 2053 2605 2147 von g zu gis nur ein kleiner halber Ton iſt: ſo fehlet (§. 144) dem
454 2140 2610 2238 Jntervalle f, gis nur ein enharmoniſcher Viertheilston, um den rei⸗
459 2234 2330 2336 nen Verhalt einer kleinen Terz zu haben.
545 2343 2607 2431 2) Weil aber dieſer Viertheilston auf unſern Jnſtrumenten unbe⸗
580 2434 2605 2535 kannt iſt, und von dem Ohre nicht zergliedert werden kann: ſo
632 2524 2096 2623 nimmt das Ohr die drey verſchiedenen Accorde:
1169 2605 1616 2699 h, d, f gis,
1170 2696 1616 2788 d, f gis, h,
620 2783 1610 2886 f gis, h, d,
588 2903 2602 3004 die nur einen Accord im Grunde ausmachen, dergeſtalt an, als
635 2989 2435 3078 wenn ſie aus lauter reinen kleinen Terzen beſtuͤnden.
549 3078 2603 3188 Nun gehoͤret der Accord gis, h, d, f, der kleinen Tonart a, wo gis
635 3170 2433 3255 die tonbezeichnende Note iſt;
1090 1233 1624 1337 2) d, f, gis, h.
1077 1322 1608 1412 3) f, gis, h, d.
2466 3276 2599 3355 Der
