2973 3705
475 160 584 265 18
673 160 2477 279 1Buch. II Cap. Von Quintenfortſchreitungen.
450 328 2665 1672 zu e fortzugehen. Dieſes zu beweiſen, muͤßen wir zufoͤrderſt bemeri
450 328 2665 1672 ken, daß der Ton d natuͤrlicher Weiſe den Ton a mit ſich fuͤhret;
450 328 2665 1672 denn a iſt die Quinte von d, und die Octave dieſer Quinte erklinget
450 328 2665 1672 mit dem d, vermittelſt der erſten Erfahrung (§. 20.). Wenn man
450 328 2665 1672 alſo von c zu d, oder von d zu c gehet: ſo gehet man nothwendig
450 328 2665 1672 von c zu a, oder von a zu c. Nun iſt dieſe leztere Fortſchreitung
450 328 2665 1672 wider die Regeln, die uns die Natur anweiſet; denn da das a in der
450 328 2665 1672 Quintenfolge als die Quinte von d betrachtet wird, ſo kann es als
450 328 2665 1672 Quinte von der Quinte zu g, mit dem Tone c keine reine harmoni⸗
450 328 2665 1672 ſche kleine Terz machen; ein Umſtand, worinnen alle Muſici uͤber⸗
450 328 2665 1672 einkommen, und der leicht zu beweiſen iſt s). Folglich ſind die Toͤ⸗
450 328 2665 1672 ne c und a, aus der Quintenfortſchreitung herausgenommen, auf
450 328 2665 1672 keine Weiſe harmoniſch, und koͤnnen alſo nicht unmittelbar auf ein⸗
450 328 2665 1672 ander folgen ). Folglich koͤnnen die Toͤne c und d in einem Grund⸗
450 328 2665 1672 baße auch nicht unmittelbar auf einander folgen (i0).
2429 1668 2638 1769 §. 37.
454 1784 1544 2500 g Laßt uns ſetzen, daß c1 iſt; die
454 1784 1544 2500 Quinte g wird ſeyn 4, und die Quinte d
454 1784 1544 2500 von der Quinte g wird ſeyn , die Quin⸗
454 1784 1544 2500 te a von d aber . Die Toͤne d und
454 1784 1544 2500 a werden alſo in der zweyten Octave von
454 1784 1544 2500 C ſeyn. Die zweyfache Unteroctave von
454 1784 1544 2500 dieſem a ſollte alſo natuͤrlicher Weiſe die
454 1784 1544 2500 kleine Unterterz von c ſeyn, wie man
454 1784 1544 2500 aus folgender Vorſtellung ſehen wird:
454 2955 1534 3275 Dieſes geſetzt, ſo iſt die zweyfache Un.
454 2955 1534 3275 teroctave von a Z (Anmerk. c) weil
454 2955 1534 3275 man den. Bruch mit 4 dividiren muß.
454 2955 1534 3275 Die kleine Terz von a zu c wird alſo
1559 1784 2653 3198 ſeyn 3. Nun iſt die kleine harmo⸗
1559 1784 2653 3198 niſche Unterterz von c z (Anmerk. d).
1559 1784 2653 3198 Wenn man akſo die kleine Terz a: c mit
1559 1784 2653 3198 der harmoniſchen kleinen Terz vergleichen
1559 1784 2653 3198 will, ſo muß man die Jntervalle 3 und
1559 1784 2653 3198 gegen einander vergleichen; und dieſes
1559 1784 2653 3198 verrichtet man nach der bey der An⸗
1559 1784 2653 3198 merk. d) erklaͤrten Methode, vermittelſt
1559 1784 2653 3198 welcher man finden wird, daß das erſte
1559 1784 2653 3198 Jntervall ſich gegen das zweyte wie 27
1559 1784 2653 3198 mal 6 gegen 5 mal 32 verhaͤlt, oder
1559 1784 2653 3198 wie 7 mal 3 gegen 5 mal 16, das iſt,
1559 1784 2653 3198 wie 8i gegen 80. Folglich iſt die klei⸗
1559 1784 2653 3198 ne Terza: c nicht einerley mit der har⸗
1559 1784 2653 3198 moniſchen kleinen Terz; und folglich iſt
1559 1784 2653 3198 die kleine Terz a: c nicht vollkommen
1559 1784 2653 3198 rein, wenn man a als die Quinte von d
1559 1784 2653 3198 betrachtet.
1621 3193 2638 3285 h) Wenn c und f auf einander fol⸗
2492 3299 2642 3376 gen:
426 1770 2672 3396 g Laßt uns ſetzen, daß cr iſt; die ſeyn 3. Nun iſt die kleine harmo⸗
426 1770 2672 3396 Quinte g wird ſeyn , und die Quinte d niſche Unterterz von c z (Anmerk. d).
426 1770 2672 3396 von der Quinte g wird ſeyn , die Quin⸗ Wenn man alſo die kleine Terz a: c mit
426 1770 2672 3396 te a von d aber . Die Toͤne d und der harmoniſchen kleinen Terz vergleichen
426 1770 2672 3396 a werden alſo in der zweyten Octave von will, ſo muß man die Jntervalle 3 und
426 1770 2672 3396 c ſeyn. Die zweyfache Unteroctave von gegen einander vergleichen; und dieſes
426 1770 2672 3396 diefem a ſollte alſo natuͤrlicher Weiſe die verrichtet man nach der bey der An⸗
426 1770 2672 3396 kleine Unterterz von c ſeyn, wie man merk. d) erklaͤrten Methode, vermittelſt
426 1770 2672 3396 aus folgender Vorſtellung ſehen wird: welcher man finden wird, daß das erſte
426 1770 2672 3396 Jntervall ſich gegen das zweyte wie 27
426 1770 2672 3396 mal 6 gegen 5 mal 32 verhaͤlt, oder
426 1770 2672 3396 122 4 8 wie 7 mal 3 gegen 5 mal 16, das iſt
426 1770 2672 3396 vie i aen e. Folalic iſt die riei
426 1770 2672 3396 ne Tr a: c nicht einerly mit der bar⸗
426 1770 2672 3396 ecdur. e ir iitr ei —
426 1770 2672 3396 Dieſes geſetzt, ſo iſt die zweyfache Un. die kleine Terz a: c nicht vollkommen
426 1770 2672 3396 teroctave von a 3 (Anmerk. c) weil rein, wenn man a als die Quinte von d
426 1770 2672 3396 man den. Bruch mit 4 dividiren muß.betrachtet.
426 1770 2672 3396 Die kleine Terz von a zu c wird alſo h) Wenn c und f auf einander fol⸗
426 1770 2672 3396 gen:
