2973 3636
451 207 2406 321 1Buch. XX Cap. Von dem enharmon. Klanggeſchlechte.
2444 200 2533 321 65
368 359 2552 816 ſch dem großen und kleinen halben Toneee) Er kann von un
368 359 2552 816 r XXX XXr
368 359 2552 816 ſern Jnſtrumenten nicht gebraucht. Man bedienet ſich gleichwohl ei⸗
368 359 2552 816 nes Mittels, ſich deſſelben zu bedienen, oder vielmehr die Wirkung
368 359 2552 816 deſſelben in dem Gehoͤre zu erſetzen.
2285 810 2539 905 §. 145.
375 937 1447 1406 iſt: ſo wird his (Anmerk. d) ſeyn wie
375 937 1447 1406 , und die Unteroctave wie Hz, ein
375 937 1447 1406 um vi oder ungefaͤhr, kleiner Jn⸗
375 937 1447 1406 tervall als die Einheit. Das his iſt
375 937 1447 1406 alſo um r ungefaͤhr kleiner als die
375 937 1447 1406 Oetave c.
375 1406 1460 1870 Man hat dieſes Jntervall einen Vier⸗
375 1406 1460 1870 theilston genennet, und dieſe Benen⸗
375 1406 1460 1870 nung hat ihren Grund. Man kann naͤm⸗
375 1406 1460 1870 lich in der Muſik wirklich viererley
375 1406 1460 1870 Arten von Viertheilstoͤnen unter⸗
375 1406 1460 1870 ſcheiden.
451 1863 1464 3253 1 Der groͤßere Viertheilston.
451 1863 1464 3253 Da der große ganze Ton Z und ſei⸗
451 1863 1464 3253 ne Differenz von der Einheit S iſt:
451 1863 1464 3253 ſo wird die Differenz dieſes Vier⸗
451 1863 1464 3253 theilstons von der Einheit unge⸗
451 1863 1464 3253 faͤhr ein Viertheil aus F, das iſt
451 1863 1464 3253 ſeyn (32.
451 1863 1464 3253 2) Der kleinere Viertheilston.
451 1863 1464 3253 So wie der kleine ganze Ton um
451 1863 1464 3253 von der Einheit differiret: ſo
451 1863 1464 3253 wird dieſer Viertheilston um i
451 1863 1464 3253 davon unterſchieden ſeyn.
451 1863 1464 3253 3 Die Haͤlfte des groͤßern hal⸗
451 1863 1464 3253 ben Tons. Da derſelbe um
451 1863 1464 3253 von der Einheit differiret: ſo wird
451 1863 1464 3253 die Haͤlfte davon ſolches um
451 1863 1464 3253 thun. Das iſt der groͤßte Vier⸗
451 1863 1464 3253 theilston.
1562 924 2545 1394 4 Die Zaͤlfte des kleinern hal⸗
1562 924 2545 1394 ben Tons. Derſelbe iſt um
1562 924 2545 1394 von der Einheit unterſchieden;
1562 924 2545 1394 folglich wird die Haͤlfte ſeyn wie
1562 924 2545 1394 . Das iſt der kleinſte Vier⸗
1562 924 2545 1394 theilston.
1479 1394 2545 2016 Wenn nun das Jntervall, woraus
1479 1394 2545 2016 der enharmoniſche Viertheilston beſtehet,
1479 1394 2545 2016 nur um von der Einheit unterſchieden
1479 1394 2545 2016 iſt: ſo kann es mit Recht ein enharmo⸗
1479 1394 2545 2016 niſcher Viertheilston genennet wer⸗
1479 1394 2545 2016 den, weil es weniger als der groͤßte, und
1479 1394 2545 2016 mehr als der kleinſte Biertheilston von
1479 1394 2545 2016 der Einheit differiret.
1479 2016 2552 3253 ee) Das iſt, wenn man von e zu f
1479 2016 2552 3253 hinaufſteiget, z. E. wenn man einen
1479 2016 2552 3253 großen halben Ton aufwaͤrts gehet, und
1479 2016 2552 3253 hernach, bey der Wiederkehr zu e, vermit⸗
1479 2016 2552 3253 telſt eines kleinen halben Tons zu einem
1479 2016 2552 3253 andern Tone hinaufſteiget, der nicht in
1479 2016 2552 3253 der Leiter enthalten iſt, und den ich durch
1479 2016 2552 3253 f anzeigen will: ſo werden die beyden
1479 2016 2552 3253 Toͤne f4- und f einen enharmoniſchen
1479 2016 2552 3253 Viertheilston zuſammen machen; denn,
1479 2016 2552 3253 wenn e 1 iſt, ſo wird f 15 und f4 4
1479 2016 2552 3253 ſeyn. Die Differenz zwiſchen f und
1479 2016 2552 3253 f wird alſo ſeyn wie gegen 4, (S.
1479 2016 2552 3253 Anmerk. d) das iſt, wie 25 mal 15 ge⸗
1479 2016 2552 3253 gen i6 mal 24, das iſt, wie 25 mal 5 ge⸗
1479 2016 2552 3253 gen 16 mal 8, oder wie 125 gegen 128.
337 918 2590 3271 iſt: ſo wird his (Anmerk. d) ſeyn wie 4 Die Haͤlfte des kleinern hal⸗
337 918 2590 3271 , und die Unteroctave wie H, ein ben Tons. Derſelbe iſt um
337 918 2590 3271 um oder ungefaͤhr, kleiner Jn⸗ von der Einheit unterſchieden;
337 918 2590 3271 tervall als die Einheit. Das his iſt folglich wird die Haͤlfte ſeyn wie
337 918 2590 3271 alſo um r ungefaͤhr kleiner als die . Das iſt der kleinſte Vier⸗
337 918 2590 3271 Octave c. theilston.
337 918 2590 3271 Man hat dieſes Jntervall einen Vier⸗ Wenn nun das Jntervall, woraus
337 918 2590 3271 theilston genennet, und dieſe Benen⸗ der enharmoniſche Viertheilston beſtehet,
337 918 2590 3271 nung hat ihren Grund. Man kann naͤm⸗ nur um von der Einheit unterſchieden
337 918 2590 3271 lich in der Muſik wirklich viererley iſt: ſo kann es mit Recht ein enharmo⸗
337 918 2590 3271 Arten von Viertheilstoͤnen unter⸗ niſcher Viertheilston genennet wer⸗
337 918 2590 3271 ſcheiden. den, weil es weniger als der groͤßte, und
337 918 2590 3271 1) Der groͤßere Viertheilston. mehr als der kleinſte Biertheilston von
337 918 2590 3271 Da der große ganze Ton und ſei⸗ der Einheit differiret.
337 918 2590 3271 ne Differenz von der Einheit iſt: ee) Das iſt, wenn man von e zu f
337 918 2590 3271 ſo wird die Differenz dieſes Vier⸗ hinaufſteiget, z. E. wenn man einen
337 918 2590 3271 theilstons von der Einheit unge⸗ großen halben Ton aufwaͤrts gehet, und
337 918 2590 3271 faͤhr ein Viertheil ausF, das iſt hernach, bey der Wiederkehr zu e, vermit⸗
337 918 2590 3271 ſeyn (32. telſt eines kleinen halben Tons zu einem
337 918 2590 3271 2) Der kleinere Viertheilston. andern Tone hinaufſteiget, der nicht in
337 918 2590 3271 So wie der kleine ganze Ton um der Leiter enthalten iſt, und den ich durch
337 918 2590 3271 von der Einheit differiret: ſo f4 anzeigen will: ſo werden die beyden
337 918 2590 3271 wird dieſer Viertheilston um Toͤne f und f einen enharmoniſchen
337 918 2590 3271 davon unterſchieden ſeyn. Viertheilston zuſammen machen; denn,
337 918 2590 3271 3 Die aͤlfte des groͤßern hal⸗ wenn e 1 iſt, ſo wird f 45 und f4 44
337 918 2590 3271 ben Tons. Da derſelbe um ſeyn. Die Differenz zwiſchen f4- und
337 918 2590 3271 von der Einheit differiret: ſo wird f wird alſo ſeyn wie gegen 4, (S.
337 918 2590 3271 .die Haͤlfte davon ſolches um Anmerk. d) das iſt, wie 25 mal 15 ge⸗
337 918 2590 3271 thun. Das iſt der groͤßte Vier⸗ gen i6 mal 24, das iſt, wie 25 mal 5 ge⸗
337 918 2590 3271 theilston. gen 16 mal 8, oder wie 125 gegen 128.
476 3260 1809 3361 Einleit. in die muſic. Setzk. J
