2973 3617
652 149 2262 281 Buch. v Can. Regeln des Grundbaſſes
2420 174 2547 288 8
1182 326 1700 439 Anmerkung.
545 458 2534 723 Anſtatt der drey erſtern vorhergehenden Regeln kann man die
545 458 2534 723 folgenden drey, die daraus entſpringen, nehmen; oder, wenn
545 458 2534 723 man will, ſie voruͤber gehen.
1176 749 1719 869 Erſte Regel.
374 887 2553 1519 Wenn in dem Grundbaſſe eine toniſche Note iſt, und ſolche
374 887 2553 1519 Quinten⸗ oder Terzenweiſe auf eine andre Note hinaufſteiget: ſo
374 887 2553 1519 kann dieſe zweyte Note entweder eine toniſche Note ſeyn ), (§. 8a.
374 887 2553 1519 43); oder eine toniſche Dominante (§. 124.), oder eine Unterdo⸗
374 887 2553 1519 minante, (§. 124); oder, um die Regel kuͤrzer zu faſſen, dieſe
374 887 2553 1519 zweyte Note kann alles ſeyn, was man will, aber nicht eine ſimple
374 887 2553 1519 Dominante (40).
1145 1547 1747 1663 Zweyte Regel.
351 1663 2563 2207 Wenn in dem Grundbaſſe eine toniſche Note iſt, und ſolche
351 1663 2563 2207 Quinten⸗ oder Terzenweiſe auf eine andre Note herabgehet: ſo kann
351 1663 2563 2207 dieſe zweyte Note entweder eine toniſche Note ſeyn, (§. 82. 34) oder
351 1663 2563 2207 eine toniſche Dominante, oder eine ſimple Dominante, wenn
351 1663 2563 2207 man nur die im §. 192. gegebene Regel in Obacht nimmt (§. 124),
351 1663 2563 2207 oder eine Unterdominante (§. 124). Man ſehe Anmerk. (41).
381 2233 2559 2429 Die Fortſchreitung von dem Accordec, es, g, c zu f, a,
381 2233 2559 2429 c, e, iſt vermoͤge des §. 192. ausgeſchloſſen.
1581 2479 2540 2599 L3 Dritte
379 2636 2541 3212 nn) Wenn der Baß von einer toni⸗ Tonart e, e g h e veraͤndert. Uebri⸗
379 2636 2541 3212 ſchen Note zu einer andern Terzenweiſe gens muß man niemals von einer toni⸗
379 2636 2541 3212 fortgehet: ſo wird insgemein die Tonart, ſchen Note zu einer andern fortgehen,
379 2636 2541 3212 und eine große in eine kleine Tonart ver⸗ wenn ihre Tonarten keine gemeinſchaftli⸗
379 2636 2541 3212 aͤndert. Z. E. wenn man von der toni⸗ chen Toͤne haben. So kann man z. E.
379 2636 2541 3212 ſchen Note c zu e fortgehet: ſo wird die nicht von c eg c zu dem kleinen Ac⸗
379 2636 2541 3212 große Tonart c, ce g c in die kleine corde es ges b es hinweichen.
390 2652 1432 3190 nn) Wenn der Baß von einer toni⸗
390 2652 1432 3190 ſchen Note zu einer andern Terzenweiſe
390 2652 1432 3190 fortgehet: ſo wird insgemein die Tonart,
390 2652 1432 3190 und eine große in eine kleine Tonart ver⸗
390 2652 1432 3190 aͤndert. Z. E. wenn man von der toni⸗
390 2652 1432 3190 ſchen Note c zu e fortgehet: ſo wird die
390 2652 1432 3190 große Tonart c, ce g c in die kleine
1480 2645 2514 3192 Tonart e, e g h e veraͤndert. Uebri
1480 2645 2514 3192 gens muß man niemals von einer toni⸗
1480 2645 2514 3192 ſchen Note zu einer andern fortgehen,
1480 2645 2514 3192 wenn ihre Tonarten keine gemeinſchaftli⸗
1480 2645 2514 3192 chen Toͤne haben. So kann man z. E.
1480 2645 2514 3192 nicht von ce g c zu dem kleinen Ac⸗
1480 2645 2514 3192 corde es ges b es hinweichen.
