2973 3639
672 131 2197 264 diatoniſchen Tonleiter der kleinen Tonart.
2413 162 2546 258 45
355 289 2546 683 iſt das natuͤrliche f. Dieſes koͤmmt daher, weil in der einem Leiter zu
355 289 2546 683 dem d aus dem Grundbaße · eine kleine Terz, und folglich f; in der
355 289 2546 683 andern aber zu dem h aus dem Grundbaße eine Quinte, und folglich
355 289 2546 683 fis gehoͤret.
1282 651 1568 759 §. 89.
361 753 2540 1382 Die beyden Leitern der weichen Tonart ſind annoch in dieſer
361 753 2540 1382 Abſicht mehr von einander unterſchieden, als die beyden Leitern der
361 753 2540 1382 großen Tonart, weil man die Differenz eines halben Tons zwiſchen
361 753 2540 1382 den beyden Leitern dieſer leztern nicht bemerket. Wir haben kemen
361 753 2540 1382 andern Unterſchied darinnen wahrgenommen, als daß das a in An⸗
361 753 2540 1382 ſehung ſeines numeriſchen Werths etwas differirt; aber dieſe Diffe⸗
361 753 2540 1382 renz betrift bey weitem keinen halben Ton.
1308 1414 1606 1509 §. 90.
361 1515 2553 2055 Hieraus ſiehet man, warum in der kſeinen Tonart im Hinauf⸗
361 1515 2553 2055 ſteigen fis und gis genommen wird. Es iſt auch das f in der erſten
361 1515 2553 2055 Leiter:
361 1515 2553 2055 gis, a, h,cc d, e, f
361 1515 2553 2055 nur deswegen natuͤrlich, weil man von dem f nicht zum gis hinauf
361 1515 2553 2055 ſteigen kann (. 48.
1314 2030 1593 2138 §. 9i.
368 2138 2553 2856 Es hat es im Herunterſteigen nicht eben die Bewandniß da⸗
368 2138 2553 2856 mit; denn die Quinte e des Stammtons ſoll nur alsdenn die große
368 2138 2553 2856 Terz gis bey ſich haben, wenn dieſes e auf den Stammton herunter
368 2138 2553 2856 ſteiget, um eine vollkommene Cadenz zu machen (§. 77), und in die⸗
368 2138 2553 2856 ſem Falle ſteiget man vermittelſt des gis zu dem a hinauf. Aber
368 2138 2553 2856 der Grundbaß a, e kann im Herunterſteigen, die Leiter a, g machen,
368 2138 2553 2856 wenn man von dieſem g nicht zu a wieder hinaufſteiget. Auf gleiche
368 2138 2553 2856 Art giebet der Baß d, a die Toͤne f, e im Herunterſteigen.
1320 2875 1613 2989 §. 92.
368 2983 2553 3161 Man ſiehet hieraus, warum in der weichen Tonart im Herun⸗
368 2983 2553 3161 terſteigen nicht gis und fis, ſondern g und f natuͤrlich ſind.
1524 3173 2565 3288 F3 §93
