2973 3681
406 145 547 261 52
612 132 2469 287 1Buch. XIII Cap. Regeln vom Doppelgebrauche ꝛc.
432 293 2649 852 igen, und man wird oben, uͤber d f, a den Ton h hinzufuͤgen, als:
432 293 2649 852 e:ee eeaer
432 293 2649 852 und ſo wie man aus dem Accorde f, a, c,d den folgenden d, f, a, c. ge⸗
432 293 2649 852 zogen hat: ſo wird man aus dem Accorde d, f, a, h einen neuen Accord
432 293 2649 852 der Septime, namlich den folgenden h, d,f,a ziehen, welcher zum
432 293 2649 852 Doppelgebrauche der Diſſonanz in der kleinen Tonart dienen wird.
1402 877 1678 974 §. 110.
400 974 2661 1507 Man kann dieſen Accord h, d, f, a dazu anwenden, den Eindruck
400 974 2661 1507 des Tons a in der diatoniſchen Leiter der weichen Tonart zu erhalten,
400 974 2661 1507 und um den Ton e nicht zweymal wiederholen zu duͤrfen. Aber in
400 974 2661 1507 dieſem Falle wird man das f in fis, und den Accord in h, d, fis, a
400 974 2661 1507 verandern muſſen, weil fis die Quinte von h iſt, wie wir oben geſe⸗
400 974 2661 1507 hen haben.
425 1501 2668 2067 Dieſer Accord zeiget ſich alsdenn in einer umgekehrten Geſtalt
425 1501 2668 2067 gegen den Accord d, fis, a, h worinnen die Unterdominante d die
425 1501 2668 2067 große Terz uͤber ſich hat, welches gar nicht fremde ſcheinen muß.
425 1501 2668 2067 Denn in der kleinen Tonart a iſt das zweyte Tetrachord e, fis, gis, a
425 1501 2668 2067 eben ſo beſchaffen, als es in der großen Tonart a ſeyn wuͤrde, allwo
425 1501 2668 2067 namlich die Unterdominante d die große Terz fis uͤber ſich haben muß.
1402 2085 1672 2175 §. II.
425 2175 2636 2734 Man wird hieraus ſehen, daß die kleine Tonart weit mehrer
425 2175 2636 2734 Veraͤnderungen, als die große Tonart faͤhig iſt. Es iſt auch dieſe
425 2175 2636 2734 letztere ein Werk der Natur ſelber, anſtatt daß an der erſtern die Kunſt
425 2175 2636 2734 ihren Antheil hat. Gegentheils hat die von der Natur unmittelbar
425 2175 2636 2734 formirte große Tonart von derſelben eine gewiſſe Kraft und eine Art
425 2175 2636 2734 von Staͤrke erhalten, die der kleinen Tonart mangelt.
2379 3223 2604 3358 Vier⸗
