2973 3658
445 201 544 257 a2
969 173 2055 259 Anmerkungen des Ueberſetzers.
602 327 2577 410 (i4) Unempfindbar. Der Verfaſſer verſtehet dieſes ſo, daß die Diffe⸗
450 407 2575 493 renz des groͤßern und kleinern ganzen Tons, in dem Laufe eines Stuͤcks, nicht
450 487 2577 567 gemerket wird. Denn, wenn man auf einem Monochorde, auf der einen Seyte
451 563 2575 645 9 gegen 8, und auf der andern 10 gegen 9 anſchlaͤget: ſo findet ſich alsdenn ein
450 642 1899 723 den Ohren ſehr fuͤhlbarer Unterſcheid zwiſchen beyden.
614 797 2578 874 (15) Wenn man in den oberſten Terminum 5z1a44t mit dem unterſten
451 879 2577 954 5a4a88 dividiret: ſo krieget man zum Quotienten 1zr, und wenn man
452 956 2581 1031 in 524288 mit 7153 dividiret: ſo bekoͤmmt man die ganze Zahl 73 nebſt einem
450 1031 2580 1109 Bruche, den man aber weglaͤſſet, um die Groͤße des Bruchs 4 ungefaͤhr
446 1114 2578 1187 in kleinern Zahlen, naͤmlich in abzubilden. Wer den Unterſcheid des his
450 1191 2579 1266 und c durch einen kurzen Weg aufs genaueſte haben, und auf dem Monochorde
452 1270 2579 1345 ſehen und hoͤren will, der ſteche den groͤßern ganzen Ton 9:8 ſechsmal hinter
449 1347 2585 1421 einander ab, und halte die durch die Halbirung der einen Seyte gefundene Octave
450 1423 2582 1499 c gegen das his der andern Seyte. Sechs ganze Toͤne in der Ration 9: 8
451 1501 2581 1576 bringen naͤmlich eben diejenige Ration fuͤr das his hervor, welche zwoͤlf Quin⸗
450 1577 2581 1654 ten in der Ration 3: 2 geben, naͤmlich 44H4. Um c d zu haben, theilet
451 1654 2582 1732 man die ganze Seyte in neun Theile, und ſchlaͤget einen Theil davon fuͤr d zu⸗
451 1734 2581 1811 ruͤck. Von dem Puncte d theilet man die Seyte wieder in 9 Theile, um e zu
450 1810 2582 1892 haben. Von e theilet man die Seyte wieder in 9 Theile, um fis zu haben,
450 1888 1125 1962 u. f. w. bis zu ais - his.
443 2025 2581 2102 .(6) Es hat mit dieſer ungefaͤhren Vorſtellung des Commatis 444 eben
446 2105 2582 2181 dNe Bewandtniß, wie in der vorigen Nummer. Wenn man 128 mit 125 divi⸗
454 2186 2581 2260 diret, ſo koͤmmt 1H, und wenn man 125 mit 3 dividiret, ſo koͤmmt 413. Weil
443 2262 2582 2341 ,nun 3 bald ein Ganzes iſt: ſo wird aus 41 gemacht 4a, und daher entſtehet r.
456 2339 2510 2416 Dieſes Comma heißt ſonſt die kleinere Dieſis.
609 2492 2582 2569 (7) Das Comma zz heißt das Diaſchiſma. Aus der Diviſion des
457 2573 2583 2651 groͤßern Termini mit dem kleinern entſtehet irr, und aus der Diviſion der
460 2650 2253 2729 Zahl 2048 mit z entſtehet 89r. Daher koͤmmt vs.
612 2804 2583 2882 (i8) Dieſes Comma heißt das Schiſma. Wenn man die Terminos
447 2885 2076 2968 auf vorhergehende Art unter ſich dividiret: ſo entſtehet Hr.
615 3039 2581 3117 i9) Jn etwas deutlichern Zahlen kann der Proceß der gleichſchwebenden
461 3115 2561 3203 Temperatur auf folgende Art vorgeſtellet werden:
