2973 3593
658 148 2257 273 in der Oberſtimme und in dem Generalbaſſe.
2382 167 2514 248 Io1
1304 317 1617 424 §. 225.
376 437 2540 801 Um einen Generalbaß deſto angenehmer zu machen, und demſel⸗
376 437 2540 801 ben eine diatoniſche Fortſchreitung zu geben, pfleget man die Haupt⸗
376 437 2540 801 noten deſſelben mit andern nicht zur Harmonie gehoͤrigen Noten durch⸗
376 437 2540 801 zuflechten, z. E.
351 1447 2552 1860 Eilftes Capitel.
351 1447 2552 1860 Den Grundbaß zu einem bezifferten General⸗
351 1447 2552 1860 baſſe zu finden.
1323 1879 1637 1973 §. 226.
388 1980 599 2235 E
585 1980 2534 2262 s iſt nichts leichter, als dieſe Aufgabe aufzuloͤſen, wenn man ſich
585 1980 2534 2262 mit der Abſtammung der Accorde gehoͤrig bekannt gemachet.
585 1980 2534 2262 Man merke uͤbrigens folgende Regeln:
1304 2281 1605 2381 §. 227.
464 2394 2540 3147 1) Jede unbezifferte Note eines Generalbaſſes bleibet eben dieſelbe
464 2394 2540 3147 in dem Grundbaſſe, und iſt eine toniſche Note, oder wird fuͤr
464 2394 2540 3147 ſolche angeſehen. Hieher gehoͤren alle mit 3, 5, 8, K, b oder
464 2394 2540 3147 h bezeichnete Noten.
464 2394 2540 3147 2) Jede mit 6, oder 6 und 3 bezifferte Note hat die Unterterz, mit
464 2394 2540 3147 dem vollkommenen Accorde, zum Grundbaſſe.
464 2394 2540 3147 3) Jede mit 6 und 4 bezeichnete Note hat die Unterquinte, mit dem
464 2394 2540 3147 vollkommenen Accorde, zum Grundbaſſe.
1536 3134 2515 3247 N3 4Jede
