2973 3629
1048 181 1929 301 Accorde erklaͤret werden.
2442 200 2575 327 8i
390 333 2575 631 f, a,e, d iſt d eine Diſſonanz. Aber dieſes d iſt nur wegen des c;
390 333 2575 631 gegen welches es eine Secunde formiret, eine Diſſonanz; nicht aber
390 333 2575 631 wegen der andern Noten. (§. 120. 18 und 128.)
1333 694 1631 789 §. 187.
383 802 2569 1701 Wenn ein Septimenaccord aus einer großen Terz, und zwoen
383 802 2569 1701 darauf folgenden kleinen Terzen beſtehet: ſo heißt die Grundnote dieſes
383 802 2569 1701 Accords eine toniſche Dominante. Jn jedem andern Septimen⸗
383 802 2569 1701 accorde wird die Grundnote eine ſchlechte oder ſimple Dominante
383 802 2569 1701 (§. 102) genennet. Alſo iſt in dem Accorde g, h, d, f, der aus der
383 802 2569 1701 großen Terz. g, h, und den beyden kleinen Terzen h, d und d, f
383 802 2569 1701 beſtehet, die Grundnote g die toniſche Dominante. Aber in den
383 802 2569 1701 andern Septimenaccorden, z. E. in c, e, g, h und d, f, a, c ꝛc.
383 802 2569 1701 heißen die Grundnoten c und d nur ſchlechtweg Dominanten, oder
383 802 2569 1701 ſimple Dominanten. (38)
1359 1771 1644 1872 §. 188.
390 1891 2543 2176 Jn jedem Accorde, vollkommenen, Septimen⸗ und Sextenaccorde,
390 1891 2543 2176 wird die große Terz uͤber einer Grundnote durch ein kt oder ; die
390 1891 2543 2176 kleine Terz hingegen durch ein b oder angezeiget. M)
2316 2576 2569 2677 Fuͤnf⸗
415 2703 1456 3176 min) Wenn die Sexte oder Septime
415 2703 1456 3176 in dem Laufe eines Stuͤcks von einer an⸗
415 2703 1456 3176 dern Proportion verlanget wird, als ſol⸗
415 2703 1456 3176 che die Vorzeichnung giebet: ſo muß man
415 2703 1456 3176 alsdenn die drey Verſetzungszeichen, naͤm⸗
415 2703 1456 3176 lich das *, b oder i ebenfalls zu Huͤlfe
1499 2716 2548 3181 nehmen. Zum Exempel, wenn fis in
1499 2716 2548 3181 der Vorzeichnung ſtehet, und in der Mit⸗
1499 2716 2548 3181 te der Accord g, h, d, f verlanget wird:
1499 2716 2548 3181 ſo muß man neben die 7 ein k ſetzen, vor⸗
1499 2716 2548 3181 oder hinterwaͤrts, es iſt einerley, um
1499 2716 2548 3181 dieſen Accord anzuzeigen.
395 2682 2591 3199 mun) Wenn die Sexte oder Septime nehmen. Zum Exempel, wenn fis in
395 2682 2591 3199 in dem Laufe eines Stuͤcks von einer an⸗ der Vorzeichnung ſtehet, und in der Mit.
395 2682 2591 3199 dern Proportion verlanget wird, als ſol⸗ te der Accord g, h, d, f verlanget wird:
395 2682 2591 3199 che die Vorzeichnung giebet: ſo muß man ſo muß man neben die 7 ein k ſetzen, vor⸗
395 2682 2591 3199 alsdenn die drey Verſetzungszeichen, naͤm⸗ oder hinterwaͤrts, es iſt einerley, um
395 2682 2591 3199 lich das , b oder i ebenfalls zu Huͤlfe dieſen Accord anzuzeigen.
487 3196 1903 3292 Einleit. in die muſic. Setzk. E
