2973 3702
454 147 556 286 8
1244 139 1822 293 Vorbereitung.
563 425 2532 717 Fuͤnftes Capitel.
563 425 2532 717 Was eine Conſonanz und Diſſonanz iſt.
1390 739 1727 856 §. 16.
446 842 673 1134 E
337 871 2693 1244 in aus ſolchen Toͤnen beſtehender Accord, deren Vereinigung
337 871 2693 1244 dem Gehoͤre angenehm iſt, heißet ein conſonirender Accord,
337 871 2693 1244 und die Toͤne, die denſelben ausmachen, werden einer in Be⸗
337 871 2693 1244 tracht gegen den andern Conſonanzen genennet.
1412 1252 1712 1369 §. 17.
446 1360 2671 1662 Die Oetave eines Tones iſt die vollkommenſte Conſonanz, de
446 1360 2671 1662 ren derſelbe faͤhig iſt; hernach folget die Quinte, Terz, u. ſ. w.
446 1360 2671 1662 Dieſer Umſtand iſt aus der Erfahrung klar.
1420 1661 1692 1764 §. 18.
463 1760 2658 2409 Ein aus ſolchen Toͤnen beſtehender Accord, deren Vereinigung
463 1760 2658 2409 das Gehoͤr verletzet, heißt ein diſſonirender Accord, und die Toͤne,
463 1760 2658 2409 die denſelben ausmachen, werden einer in Betracht gegen den andern
463 1760 2658 2409 Diſſonanzen genennet (4). Die Secunde, der Triton, und die
463 1760 2658 2409 Septime ſind in dieſer Abſicht Diſſonanzen. Ein Accord alſo, der
463 1760 2658 2409 aus den Toͤnen c: d, oder f: h, oder c: h beſtehet, iſt ein diſſoniren⸗
463 1760 2658 2409 der Accord.
1425 2385 1668 2486 §. 19
470 2476 2650 3038 Der Ausdruck, Diſſonanz, entſteht aus einem griechiſchen und
470 2476 2650 3038 lateiniſchen Worte, und bedeutet ſo viel, als zweymal anſchlagen.
470 2476 2650 3038 Jn der That iſt die Urſache, daß die Diſſonanz unangenehm iſt, dieſe,
470 2476 2650 3038 weil die beyden Toͤne, woraus ſie beſteht, ſich auf keine Weiſe im
470 2476 2650 3038 Gehoͤre vermiſchen, und, ungeachtet ſie zuſammen angeſchlagen werden,
470 2476 2650 3038 dennoch als zween getrennte Toͤne vernommen werden ().
2401 3299 2683 3418 Erſtes
