2973 3632
966 454 1986 588 Vierzehntes Capitel.
501 580 2422 714 Verſchiedene Arten des Septimenaccords.
1352 773 1583 856 §. ua.
403 883 598 1106 D
602 874 2530 960 ie dem Accorde der Dominante und Unterdominante hinzuge⸗
645 967 2528 1059 fuͤgte Difſonanz, iſt, ob ſie gleich gewiſſermaßen von der Natur
645 1051 2528 1149 angezeiget wird (Cap. I), dennoch ein Werk der Kunſt.
404 1140 2530 1236 Da fie aber in der Harmonie die ſchoͤnſten Veraͤnderungen zuwege
405 1227 2531 1324 bringet: ſo laſſet uns ſehen, ob die Kunſt, vermittelſt dieſes erſten
403 1323 1689 1418 Schritts, uicht annoch weiter gehen kann.
1346 1449 1600 1530 §. 3.
403 1538 2531 1729 Wir haben ſchon dreyerley Arten des Septimenaccords, wel⸗
465 1662 687 1724 e ſind:
495 1735 2530 1835 1) Der Accord g, h d, f, welcher aus einer großen und zwoen klei⸗
437 1837 1519 1920 nen Terzen beſtehet.
493 1904 2531 2006 2) Der Accord d, f, a, c, oder h, d, ſis, a, welcher aus einer großen
579 2006 2266 2095 Terz zwiſchen zwoen kleinen beſtehet.
492 2086 2532 2188 3) Der Accord h, d, f, a, welcher aus zwoen kleinen und einer
587 2185 1783 2270 großen Terz beſtehet.
1345 2269 1595 2348 §. 114.
465 2351 2534 2450 Es giebt noch zweyerley Arten des Septimenaccords, welche ſind:
418 2468 2534 2567 ) Der Accord c, e, g, h, oder f, a,c, e welcher aus einer kleinen
484 2562 1830 2663 Terz zwiſchen zwoen großen beſtehet.
403 2645 2530 2743 2) Der Accord gis, h, d, f, welcher aus lauter kleinen Terzen
589 2747 2492 2825 beſtehet.
409 2833 2530 2926 Dieſe beyden Accorde, welchen die vorhergehenden Regeln den Ein⸗
412 2924 2530 3017 gang in die Harmonie bald zu verſagen ſcheinen, werden in dem
412 3008 2530 3115 Grundbaſſe gleichwohl oͤfters mit gutem Erfolge angebracht. Die
406 3100 2381 3198 Urſache davon iſt dieſe.
508 2468 2534 2567 i) Der Accord c, e, g, h, oder f, a,c, e, welcher aus einer kleinen
484 2562 1830 2663 Terz zwiſchen zwoen großen beſtehet.
486 2645 2530 2743 2) Der Accord gis, h, d, f, welcher aus lauter kleinen Terzen
589 2747 2492 2819 beſtehet.
1642 3206 2529 3320 G3 . i15.
