2973 3698
429 184 515 252 8o
736 162 2328 260 IIBuch. IV Cap. Worinnen die vornehmſten
1390 322 1671 404 §. 180:
625 435 2615 525 Da die Terzen groß oder klein ſind, und ſolche verſchiedentlich
445 526 2616 707 Xtetrtce
445 619 2612 722 Arten des Septimenaccords giebt, z E. g, h, d, f; it. g. b d f;
448 702 1482 798 it. g, h d, fis; it. g, b, des, f.
1421 818 1650 903 §. 18i.
624 918 2598 1001 Ein aus der Terz, Quinte und Sexte beſtehender Accord, z. E
439 935 2620 1177 rreria e m e saa
1396 1187 1668 1270 §. 182.
439 1296 2626 1401 Jede Note, die den vollkommenen Accord uͤber ſich hat, heißt
461 1385 2623 1475 eine toniſche Note, und dieſer Accord wird durch eine 8, 5 oder 3
460 1475 2494 1560 it. durch ein , b oder angezeiget, oͤfters aber auch gar nicht.
1415 1602 1683 1688 §. 183.
556 1695 2628 1803 Jede Note, die den Septimenaccord uͤber ſich hat, heißt eine
469 1806 2627 1897 Dominante (§. 102), und dieſer Accord wird durch eine 7 angezeiget.
1431 1934 1702 2013 §. 184.
652 2038 2645 2147 Jede Note, die den Sextquintenaccord uͤber ſich hat, heißt eine
475 2133 2590 2212 Unterdominante (§.97), und wird mit einer 6 und 5 angezeiget.
1444 2262 1666 2334 §. 185.
534 2373 2635 2476 Jn dem vollkommenen Septimen⸗ und Sextquintenaccorde wird
481 2461 2637 2553 die tiefſte Note, welche einen von dieſen Accorden uͤber ſich hat, die
460 2551 1502 2638 Grundbaßnote genennet (36).
1417 2681 1670 2765 §. 186.
667 2794 2641 2883 Jn jedem Accorde der Septime oder Sextquinte, wird die Se⸗
491 2878 2642 2978 ptime oder die Sexte uͤber der Grundbaßnote, eine Diſſonanz genen⸗
492 2969 2642 3064 net (7); ſo ſind z. E. in den Accorden g, h, d, f, und d, f, a, c, die
495 3059 2642 3155 Toͤne f und c Diſſonanzen; f wegen des g in dem erſten Accorde,
497 3153 2644 3232 und c wegen des d in dem zweyten. Jn dem Sextquintenaccorde
2514 3233 2645 3324 f, a
