<pc:PcGts xmlns:pc="http://schema.primaresearch.org/PAGE/gts/pagecontent/2019-07-15" xmlns:xsi="http://www.w3.org/2001/XMLSchema-instance" xsi:schemaLocation="http://schema.primaresearch.org/PAGE/gts/pagecontent/2019-07-15 http://schema.primaresearch.org/PAGE/gts/pagecontent/2019-07-15/pagecontent.xsd">
    <pc:Metadata>
        <pc:Creator>OCR-D/core 2.4.4</pc:Creator>
        <pc:Created>2021-01-10T21:38:18</pc:Created>
        <pc:LastChange>2021-01-10T21:38:18</pc:LastChange>
        <pc:MetadataItem type="processingStep" name="preprocessing/optimization/binarization" value="ocrd-olena-binarize">
            <pc:Labels>
                <pc:Label value="sauvola" type="impl"/>
                <pc:Label value="0.34" type="k"/>
                <pc:Label value="101" type="win-size"/>
            </pc:Labels>
        </pc:MetadataItem>
        <pc:MetadataItem type="processingStep" name="preprocessing/optimization/cropping" value="ocrd-anybaseocr-crop">
            <pc:Labels>
                <pc:Label value="True" type="force"/>
                <pc:Label value="0.04" type="colSeparator"/>
                <pc:Label value="0.3" type="maxRularArea"/>
                <pc:Label value="0.05" type="minArea"/>
                <pc:Label value="0.01" type="minRularArea"/>
                <pc:Label value="0.75" type="positionBelow"/>
                <pc:Label value="0.4" type="positionLeft"/>
                <pc:Label value="0.6" type="positionRight"/>
                <pc:Label value="10.0" type="rularRatioMax"/>
                <pc:Label value="3.0" type="rularRatioMin"/>
                <pc:Label value="0.95" type="rularWidth"/>
                <pc:Label value="page" type="operation_level"/>
            </pc:Labels>
        </pc:MetadataItem>
        <pc:MetadataItem type="processingStep" name="layout/segmentation/region" value="ocrd-tesserocr-segment-region">
            <pc:Labels externalModel="ocrd-tool" externalId="parameters">
                <pc:Label value="-1" type="dpi"/>
                <pc:Label value="True" type="overwrite_regions"/>
                <pc:Label value="0" type="padding"/>
                <pc:Label value="False" type="crop_polygons"/>
                <pc:Label value="True" type="find_tables"/>
                <pc:Label value="False" type="sparse_text"/>
            </pc:Labels>
        </pc:MetadataItem>
        <pc:MetadataItem type="processingStep" name="layout/segmentation/line" value="ocrd-tesserocr-segment-line">
            <pc:Labels externalModel="ocrd-tool" externalId="parameters">
                <pc:Label value="-1" type="dpi"/>
                <pc:Label value="True" type="overwrite_lines"/>
            </pc:Labels>
        </pc:MetadataItem>
        <pc:MetadataItem type="processingStep" name="layout/segmentation/region" value="ocrd-cis-ocropy-clip">
            <pc:Labels externalModel="ocrd-tool" externalId="parameters">
                <pc:Label value="line" type="level-of-operation"/>
                <pc:Label value="-1" type="dpi"/>
                <pc:Label value="0.7" type="min_fraction"/>
            </pc:Labels>
        </pc:MetadataItem>
        <pc:MetadataItem type="processingStep" name="recognition/text-recognition" value="ocrd-calamari-recognize">
            <pc:Labels externalModel="ocrd-tool" externalId="parameters">
                <pc:Label value="/data/models/calamari/GT4HistOCR/*.ckpt.json" type="checkpoint"/>
                <pc:Label value="confidence_voter_default_ctc" type="voter"/>
                <pc:Label value="line" type="textequiv_level"/>
                <pc:Label value="0.001" type="glyph_conf_cutoff"/>
            </pc:Labels>
        </pc:MetadataItem>
    </pc:Metadata>
    <pc:Page imageFilename="OCR-D-IMG/Marpurg_1757-031.png" imageWidth="2973" imageHeight="3709" type="content">
        <pc:AlternativeImage filename="OCR-D-IMG-BIN/OCR-D-BIN_Marpurg_1757-031-BIN_sauvola.png" comments="binarized"/>
        <pc:AlternativeImage filename="OCR-D-IMG-CROP/OCR-D-IMG-CROP_Marpurg_1757-031.png" comments="binarized,cropped"/>
        <pc:Border>
            <pc:Coords points="435,141 2654,141 2654,3363 435,3363"/>
        </pc:Border>
        <pc:ReadingOrder>
            <pc:OrderedGroup id="reading-order">
                <pc:RegionRefIndexed index="0" regionRef="region_id_0"/><pc:RegionRefIndexed index="1" regionRef="region_id_1"/><pc:RegionRefIndexed index="2" regionRef="region_id_2"/><pc:RegionRefIndexed index="3" regionRef="region_id_3"/><pc:RegionRefIndexed index="4" regionRef="region_id_4"/><pc:RegionRefIndexed index="5" regionRef="region_id_5"/><pc:RegionRefIndexed index="6" regionRef="region_id_6"/><pc:RegionRefIndexed index="7" regionRef="region_id_7"/><pc:RegionRefIndexed index="8" regionRef="region_id_8"/><pc:RegionRefIndexed index="9" regionRef="region_id_9"/><pc:RegionRefIndexed index="10" regionRef="region_id_10"/><pc:RegionRefIndexed index="11" regionRef="region_id_11"/><pc:RegionRefIndexed index="12" regionRef="region_id_12"/><pc:RegionRefIndexed index="13" regionRef="region_id_13"/><pc:RegionRefIndexed index="14" regionRef="region_id_14"/><pc:RegionRefIndexed index="15" regionRef="region_id_15"/></pc:OrderedGroup>
        </pc:ReadingOrder>
        <pc:TextRegion id="region_id_0" type="page-number" continuation="false"><pc:Coords points="416,167 578,161 590,305 439,270 416,167"/><pc:TextLine id="region_id_0_line0000"><pc:Coords points="416,167 578,161 590,305 439,270 416,167"/><pc:TextEquiv conf="0.7856603860855103"><pc:Unicode>12</pc:Unicode></pc:TextEquiv></pc:TextLine><pc:TextEquiv><pc:Unicode>12</pc:Unicode></pc:TextEquiv></pc:TextRegion><pc:TextRegion id="region_id_1" type="header" continuation="false"><pc:Coords points="815,143 2226,164 2226,290 786,288 815,143"/><pc:TextLine id="region_id_1_line0000"><pc:Coords points="815,143 2226,164 2226,290 786,288 815,143"/><pc:TextEquiv conf="0.9699777960777283"><pc:Unicode>1Buch. I Cap. Von Erfahrungen.</pc:Unicode></pc:TextEquiv></pc:TextLine><pc:TextEquiv><pc:Unicode>1Buch. I Cap. Von Erfahrungen.</pc:Unicode></pc:TextEquiv></pc:TextRegion><pc:TextRegion id="region_id_2" type="paragraph" continuation="false"><pc:Coords points="651,313 1964,313 1964,433 651,433 651,313"/><pc:TextLine id="region_id_2_line0000"><pc:Coords points="651,313 1964,313 1964,433 651,433 651,313"/><pc:TextEquiv conf="0.9997180104255676"><pc:Unicode>Die beſchriebenen Seyten ſind folgende:</pc:Unicode></pc:TextEquiv></pc:TextLine><pc:TextEquiv><pc:Unicode>Die beſchriebenen Seyten ſind folgende:</pc:Unicode></pc:TextEquiv></pc:TextRegion><pc:ChartRegion id="region_id_3" custom="tablatureNotation" continuation="false"><pc:Coords points="1161,432 1161,1055 1929,1055 1929,432 1161,432"/></pc:ChartRegion><pc:TextRegion id="region_id_4" type="heading" custom="level_3" continuation="false"><pc:Coords points="1092,1069 2054,1069 2054,1224 1092,1224 1092,1069"/><pc:TextLine id="region_id_4_line0000"><pc:Coords points="1092,1069 2054,1069 2054,1224 1092,1224 1092,1069"/><pc:TextEquiv conf="0.9985466003417969"><pc:Unicode>Dritte Erfahrung.</pc:Unicode></pc:TextEquiv></pc:TextLine><pc:TextEquiv><pc:Unicode>Dritte Erfahrung.</pc:Unicode></pc:TextEquiv></pc:TextRegion><pc:TextRegion id="region_id_5" type="heading" custom="level_4" continuation="false"><pc:Coords points="1375,1212 1664,1269 1664,1330 1410,1333 1375,1212"/><pc:TextLine id="region_id_5_line0000"><pc:Coords points="1375,1212 1664,1269 1664,1330 1410,1333 1375,1212"/><pc:TextEquiv conf="0.9915702939033508"><pc:Unicode>§. 24.</pc:Unicode></pc:TextEquiv></pc:TextLine><pc:TextEquiv><pc:Unicode>§. 24.</pc:Unicode></pc:TextEquiv></pc:TextRegion><pc:TextRegion id="region_id_6" type="paragraph" continuation="false"><pc:Coords points="435,1333 2647,1333 2698,1506 411,1524 435,1333"/><pc:TextLine id="region_id_6_line0000"><pc:Coords points="435,1333 2647,1333 2698,1506 411,1524 435,1333"/><pc:TextEquiv conf="0.9977090358734131"><pc:Unicode>Es iſt niemand, der die Aehnlichkeit zwiſchen einem Tone und</pc:Unicode></pc:TextEquiv></pc:TextLine><pc:TextLine id="region_id_6_line0001"><pc:Coords points="435,1333 2647,1333 2698,1506 411,1524 435,1333"/><pc:TextEquiv conf="0.9974703192710876"><pc:Unicode>ſeiner Ober⸗oder Unteroctave nicht wahrnehmen ſollte. Dieſe bey⸗</pc:Unicode></pc:TextEquiv></pc:TextLine><pc:TextEquiv><pc:Unicode>Es iſt niemand, der die Aehnlichkeit zwiſchen einem Tone und
ſeiner Ober⸗oder Unteroctave nicht wahrnehmen ſollte. Dieſe bey⸗</pc:Unicode></pc:TextEquiv></pc:TextRegion><pc:TextRegion id="region_id_7" type="footer" continuation="false"><pc:Coords points="2495,1500 2495,1581 2680,1581 2680,1500 2495,1500"/><pc:TextLine id="region_id_7_line0000"><pc:Coords points="2495,1500 2495,1581 2680,1581 2680,1500 2495,1500"/><pc:TextEquiv conf="0.9968042373657227"><pc:Unicode>den</pc:Unicode></pc:TextEquiv></pc:TextLine><pc:TextEquiv><pc:Unicode>den</pc:Unicode></pc:TextEquiv></pc:TextRegion><pc:TextRegion id="region_id_8" type="footnote" continuation="false"><pc:Coords points="399,1621 412,3350 2470,3332 2489,3400 2683,3400 2678,1641 399,1621"/><pc:TextRegion id="region_id_9" type="paragraph" continuation="true"><pc:Coords points="435,1649 1527,1649 1514,2950 434,2991 435,1649"/><pc:TextLine id="region_id_9_line0000"><pc:Coords points="435,1649 1527,1649 1514,2950 434,2991 435,1649"/><pc:TextEquiv conf="0.9929117560386658"><pc:Unicode>viel als , und daß 4 eben ſo viel als</pc:Unicode></pc:TextEquiv></pc:TextLine><pc:TextLine id="region_id_9_line0001"><pc:Coords points="435,1649 1527,1649 1514,2950 434,2991 435,1649"/><pc:TextEquiv conf="0.9886932373046875"><pc:Unicode>iſt. Folglich findet ſich zwiſchen</pc:Unicode></pc:TextEquiv></pc:TextLine><pc:TextLine id="region_id_9_line0002"><pc:Coords points="435,1649 1527,1649 1514,2950 434,2991 435,1649"/><pc:TextEquiv conf="0.9785070419311523"><pc:Unicode>und Z eben die Proportion, die zwiſchen</pc:Unicode></pc:TextEquiv></pc:TextLine><pc:TextLine id="region_id_9_line0003"><pc:Coords points="435,1649 1527,1649 1514,2950 434,2991 435,1649"/><pc:TextEquiv conf="0.9886010885238647"><pc:Unicode>und iſt, und ſolche iſt wie 10</pc:Unicode></pc:TextEquiv></pc:TextLine><pc:TextLine id="region_id_9_line0004"><pc:Coords points="435,1649 1527,1649 1514,2950 434,2991 435,1649"/><pc:TextEquiv conf="0.9927366971969604"><pc:Unicode>gegen 12, oder wie 5 gegen 6. Wenn</pc:Unicode></pc:TextEquiv></pc:TextLine><pc:TextLine id="region_id_9_line0005"><pc:Coords points="435,1649 1527,1649 1514,2950 434,2991 435,1649"/><pc:TextEquiv conf="0.9980064630508423"><pc:Unicode>zween Toͤne alſo eine kleine Terz unter ſich</pc:Unicode></pc:TextEquiv></pc:TextLine><pc:TextLine id="region_id_9_line0006"><pc:Coords points="435,1649 1527,1649 1514,2950 434,2991 435,1649"/><pc:TextEquiv conf="0.9985688328742981"><pc:Unicode>machen, und der erſte davon durch 5</pc:Unicode></pc:TextEquiv></pc:TextLine><pc:TextLine id="region_id_9_line0007"><pc:Coords points="435,1649 1527,1649 1514,2950 434,2991 435,1649"/><pc:TextEquiv conf="0.9987501502037048"><pc:Unicode>vorgeſtellet wird: ſo muß der andre durch</pc:Unicode></pc:TextEquiv></pc:TextLine><pc:TextLine id="region_id_9_line0008"><pc:Coords points="435,1649 1527,1649 1514,2950 434,2991 435,1649"/><pc:TextEquiv conf="0.9871625900268555"><pc:Unicode>6 vorgeſtellet werden; oder, welches ei⸗</pc:Unicode></pc:TextEquiv></pc:TextLine><pc:TextLine id="region_id_9_line0009"><pc:Coords points="435,1649 1527,1649 1514,2950 434,2991 435,1649"/><pc:TextEquiv conf="0.9874967336654663"><pc:Unicode>nerley iſt, wenn der erſte durch 1 bemer⸗</pc:Unicode></pc:TextEquiv></pc:TextLine><pc:TextLine id="region_id_9_line0010"><pc:Coords points="435,1649 1527,1649 1514,2950 434,2991 435,1649"/><pc:TextEquiv conf="0.979374349117279"><pc:Unicode>ket wird, ſo muß der andre durch 4 be⸗</pc:Unicode></pc:TextEquiv></pc:TextLine><pc:TextLine id="region_id_9_line0011"><pc:Coords points="435,1649 1527,1649 1514,2950 434,2991 435,1649"/><pc:TextEquiv conf="0.9981666207313538"><pc:Unicode>merket werden. Die harmoniſche</pc:Unicode></pc:TextEquiv></pc:TextLine><pc:TextLine id="region_id_9_line0012"><pc:Coords points="435,1649 1527,1649 1514,2950 434,2991 435,1649"/><pc:TextEquiv conf="0.9896301031112671"><pc:Unicode>kleine Terz alſo, die ſo gar bey Erthoͤ⸗</pc:Unicode></pc:TextEquiv></pc:TextLine><pc:TextLine id="region_id_9_line0013"><pc:Coords points="435,1649 1527,1649 1514,2950 434,2991 435,1649"/><pc:TextEquiv conf="0.9963858127593994"><pc:Unicode>nung des klingenden Koͤrpers zwiſchen den</pc:Unicode></pc:TextEquiv></pc:TextLine><pc:TextLine id="region_id_9_line0014"><pc:Coords points="435,1649 1527,1649 1514,2950 434,2991 435,1649"/><pc:TextEquiv conf="0.9869407415390015"><pc:Unicode>harmoniſchen Toͤnen des Stamm⸗</pc:Unicode></pc:TextEquiv></pc:TextLine><pc:TextLine id="region_id_9_line0015"><pc:Coords points="435,1649 1527,1649 1514,2950 434,2991 435,1649"/><pc:TextEquiv conf="0.9958049654960632"><pc:Unicode>tons e und g hervorgebracht wird, kann</pc:Unicode></pc:TextEquiv></pc:TextLine><pc:TextLine id="region_id_9_line0016"><pc:Coords points="435,1649 1527,1649 1514,2950 434,2991 435,1649"/><pc:TextEquiv conf="0.9777317643165588"><pc:Unicode>durch den Bruch bezeichnet werden.</pc:Unicode></pc:TextEquiv></pc:TextLine><pc:TextEquiv><pc:Unicode>viel als , und daß 4 eben ſo viel als
iſt. Folglich findet ſich zwiſchen
und Z eben die Proportion, die zwiſchen
und iſt, und ſolche iſt wie 10
gegen 12, oder wie 5 gegen 6. Wenn
zween Toͤne alſo eine kleine Terz unter ſich
machen, und der erſte davon durch 5
vorgeſtellet wird: ſo muß der andre durch
6 vorgeſtellet werden; oder, welches ei⸗
nerley iſt, wenn der erſte durch 1 bemer⸗
ket wird, ſo muß der andre durch 4 be⸗
merket werden. Die harmoniſche
kleine Terz alſo, die ſo gar bey Erthoͤ⸗
nung des klingenden Koͤrpers zwiſchen den
harmoniſchen Toͤnen des Stamm⸗
tons e und g hervorgebracht wird, kann
durch den Bruch bezeichnet werden.</pc:Unicode></pc:TextEquiv></pc:TextRegion><pc:TextRegion id="region_id_10" type="paragraph" continuation="false"><pc:Coords points="427,2967 427,3314 1536,3314 1536,2967 427,2967"/><pc:TextLine id="region_id_10_line0000"><pc:Coords points="427,2967 427,3314 1536,3314 1536,2967 427,2967"/><pc:TextEquiv conf="0.9833738803863525"><pc:Unicode>Man wird aus dieſem Exempel fehen,</pc:Unicode></pc:TextEquiv></pc:TextLine><pc:TextLine id="region_id_10_line0001"><pc:Coords points="427,2967 427,3314 1536,3314 1536,2967 427,2967"/><pc:TextEquiv conf="0.9855154156684875"><pc:Unicode>daß, wenn man durch Bruͤche vorgeſtell⸗</pc:Unicode></pc:TextEquiv></pc:TextLine><pc:TextLine id="region_id_10_line0002"><pc:Coords points="427,2967 427,3314 1536,3314 1536,2967 427,2967"/><pc:TextEquiv conf="0.9941892623901367"><pc:Unicode>te Toͤne unter ſich vergleichen will, man</pc:Unicode></pc:TextEquiv></pc:TextLine><pc:TextLine id="region_id_10_line0003"><pc:Coords points="427,2967 427,3314 1536,3314 1536,2967 427,2967"/><pc:TextEquiv conf="0.9961575269699097"><pc:Unicode>den Zaͤhler des einen mit dem Nenner des</pc:Unicode></pc:TextEquiv></pc:TextLine><pc:TextEquiv><pc:Unicode>Man wird aus dieſem Exempel fehen,
daß, wenn man durch Bruͤche vorgeſtell⸗
te Toͤne unter ſich vergleichen will, man
den Zaͤhler des einen mit dem Nenner des</pc:Unicode></pc:TextEquiv></pc:TextRegion><pc:TextRegion id="region_id_11" type="paragraph" continuation="true"><pc:Coords points="1579,1646 2645,1646 2645,2196 1579,2196 1579,1646"/><pc:TextLine id="region_id_11_line0000"><pc:Coords points="1579,1646 2645,1646 2645,2196 1579,2196 1579,1646"/><pc:TextEquiv conf="0.9958978295326233"><pc:Unicode>andern, und folglich die Bruͤche kreuz⸗</pc:Unicode></pc:TextEquiv></pc:TextLine><pc:TextLine id="region_id_11_line0001"><pc:Coords points="1579,1646 2645,1646 2645,2196 1579,2196 1579,1646"/><pc:TextEquiv conf="0.9986897110939026"><pc:Unicode>weiſe multipliciren muß. Das Pro⸗</pc:Unicode></pc:TextEquiv></pc:TextLine><pc:TextLine id="region_id_11_line0002"><pc:Coords points="1579,1646 2645,1646 2645,2196 1579,2196 1579,1646"/><pc:TextEquiv conf="0.9946026802062988"><pc:Unicode>duct giebet die Proportion des einen Tons</pc:Unicode></pc:TextEquiv></pc:TextLine><pc:TextLine id="region_id_11_line0003"><pc:Coords points="1579,1646 2645,1646 2645,2196 1579,2196 1579,1646"/><pc:TextEquiv conf="0.9950734376907349"><pc:Unicode>gegen den andern, oder, welches einerley</pc:Unicode></pc:TextEquiv></pc:TextLine><pc:TextLine id="region_id_11_line0004"><pc:Coords points="1579,1646 2645,1646 2645,2196 1579,2196 1579,1646"/><pc:TextEquiv conf="0.9967197775840759"><pc:Unicode>iſt, die Differenz der beyden Toͤne.</pc:Unicode></pc:TextEquiv></pc:TextLine><pc:TextLine id="region_id_11_line0005"><pc:Coords points="1579,1646 2645,1646 2645,2196 1579,2196 1579,1646"/><pc:TextEquiv conf="0.9948465824127197"><pc:Unicode>Wenn mit den Bruͤchen und auf</pc:Unicode></pc:TextEquiv></pc:TextLine><pc:TextLine id="region_id_11_line0006"><pc:Coords points="1579,1646 2645,1646 2645,2196 1579,2196 1579,1646"/><pc:TextEquiv conf="0.9985307455062866"><pc:Unicode>dieſe Art verfahren wird, als:</pc:Unicode></pc:TextEquiv></pc:TextLine><pc:TextEquiv><pc:Unicode>andern, und folglich die Bruͤche kreuz⸗
weiſe multipliciren muß. Das Pro⸗
duct giebet die Proportion des einen Tons
gegen den andern, oder, welches einerley
iſt, die Differenz der beyden Toͤne.
Wenn mit den Bruͤchen und auf
dieſe Art verfahren wird, als:</pc:Unicode></pc:TextEquiv></pc:TextRegion><pc:TableRegion id="region_id_12" continuation="false"><pc:Coords points="1756,2199 1756,2413 2426,2413 2426,2199 1756,2199"/></pc:TableRegion><pc:TextRegion id="region_id_14" type="paragraph" continuation="false"><pc:Coords points="1559,2979 1557,3312 2639,3290 2634,2979 1559,2979"/><pc:TextLine id="region_id_14_line0000"><pc:Coords points="1559,2979 1557,3312 2639,3290 2634,2979 1559,2979"/><pc:TextEquiv conf="0.9992067813873291"><pc:Unicode>Auf dieſe Art vergleichet man zween</pc:Unicode></pc:TextEquiv></pc:TextLine><pc:TextLine id="region_id_14_line0001"><pc:Coords points="1559,2979 1557,3312 2639,3290 2634,2979 1559,2979"/><pc:TextEquiv conf="0.9908305406570435"><pc:Unicode>Toͤne unter ſich, deren numeriſchen</pc:Unicode></pc:TextEquiv></pc:TextLine><pc:TextLine id="region_id_14_line0002"><pc:Coords points="1559,2979 1557,3312 2639,3290 2634,2979 1559,2979"/><pc:TextEquiv conf="0.9979861378669739"><pc:Unicode>Werth man weis, das iſt, deren Vor⸗</pc:Unicode></pc:TextEquiv></pc:TextLine><pc:TextLine id="region_id_14_line0003"><pc:Coords points="1559,2979 1557,3312 2639,3290 2634,2979 1559,2979"/><pc:TextEquiv conf="0.9977546334266663"><pc:Unicode>ſtellung in Ziefern bekannt iſt. Laßt uns</pc:Unicode></pc:TextEquiv></pc:TextLine><pc:TextEquiv><pc:Unicode>Auf dieſe Art vergleichet man zween
Toͤne unter ſich, deren numeriſchen
Werth man weis, das iſt, deren Vor⸗
ſtellung in Ziefern bekannt iſt. Laßt uns</pc:Unicode></pc:TextEquiv></pc:TextRegion><pc:TextRegion id="region_id_15" type="footer" continuation="false"><pc:Coords points="2512,3308 2512,3372 2651,3372 2651,3308 2512,3308"/><pc:TextLine id="region_id_15_line0000"><pc:Coords points="2512,3308 2512,3372 2651,3372 2651,3308 2512,3308"/><pc:TextEquiv conf="0.9006033539772034"><pc:Unicode>an⸗</pc:Unicode></pc:TextEquiv></pc:TextLine><pc:TextEquiv><pc:Unicode>an⸗</pc:Unicode></pc:TextEquiv></pc:TextRegion><pc:TextLine id="region_id_8_line0000"><pc:Coords points="399,1621 412,3350 2470,3332 2489,3400 2683,3400 2678,1641 399,1621"/><pc:TextEquiv conf="0.9934911131858826"><pc:Unicode>viel als , und daß 4 eben ſo viel als andern, und folglich die Bruͤche kreuz⸗</pc:Unicode></pc:TextEquiv></pc:TextLine><pc:TextLine id="region_id_8_line0001"><pc:Coords points="399,1621 412,3350 2470,3332 2489,3400 2683,3400 2678,1641 399,1621"/><pc:TextEquiv conf="0.9943622946739197"><pc:Unicode>iſt. Folglich findet ſich zwiſchen weiſe multipliciren muß. Das Pro⸗</pc:Unicode></pc:TextEquiv></pc:TextLine><pc:TextLine id="region_id_8_line0002"><pc:Coords points="399,1621 412,3350 2470,3332 2489,3400 2683,3400 2678,1641 399,1621"/><pc:TextEquiv conf="0.9939296841621399"><pc:Unicode>und eben die Proportion, die zwiſchen duct giebet die Proportion des einen Tons</pc:Unicode></pc:TextEquiv></pc:TextLine><pc:TextLine id="region_id_8_line0003"><pc:Coords points="399,1621 412,3350 2470,3332 2489,3400 2683,3400 2678,1641 399,1621"/><pc:TextEquiv conf="0.9940314888954163"><pc:Unicode>und iſt, und ſolche iſt wie 10 gegen den andern, oder, welches einerley</pc:Unicode></pc:TextEquiv></pc:TextLine><pc:TextLine id="region_id_8_line0004"><pc:Coords points="399,1621 412,3350 2470,3332 2489,3400 2683,3400 2678,1641 399,1621"/><pc:TextEquiv conf="0.9939966201782227"><pc:Unicode>gegen 12, oder wie 5 gegen 6. Wenn iſt, die Differenz der beyden Toͤne.</pc:Unicode></pc:TextEquiv></pc:TextLine><pc:TextLine id="region_id_8_line0005"><pc:Coords points="399,1621 412,3350 2470,3332 2489,3400 2683,3400 2678,1641 399,1621"/><pc:TextEquiv conf="0.9923816323280334"><pc:Unicode>zween Toͤne alſo eine kleine Terz unter ſich Wenn mit den Bruͤchen 4 und auf</pc:Unicode></pc:TextEquiv></pc:TextLine><pc:TextLine id="region_id_8_line0006"><pc:Coords points="399,1621 412,3350 2470,3332 2489,3400 2683,3400 2678,1641 399,1621"/><pc:TextEquiv conf="0.997793972492218"><pc:Unicode>machen, und der erſte davon durch 5 dieſe Art verfahren wird, als:</pc:Unicode></pc:TextEquiv></pc:TextLine><pc:TextLine id="region_id_8_line0007"><pc:Coords points="399,1621 412,3350 2470,3332 2489,3400 2683,3400 2678,1641 399,1621"/><pc:TextEquiv conf="0.99871826171875"><pc:Unicode>vorgeſtellet wird ſo muß der andre durch 6</pc:Unicode></pc:TextEquiv></pc:TextLine><pc:TextLine id="region_id_8_line0008"><pc:Coords points="399,1621 412,3350 2470,3332 2489,3400 2683,3400 2678,1641 399,1621"/><pc:TextEquiv conf="0.6085343956947327"><pc:Unicode>Xc 2—</pc:Unicode></pc:TextEquiv></pc:TextLine><pc:TextLine id="region_id_8_line0009"><pc:Coords points="399,1621 412,3350 2470,3332 2489,3400 2683,3400 2678,1641 399,1621"/><pc:TextEquiv conf="0.9924175143241882"><pc:Unicode>nerley iſt, wenn der erſte durch 1 bemer⸗</pc:Unicode></pc:TextEquiv></pc:TextLine><pc:TextLine id="region_id_8_line0010"><pc:Coords points="399,1621 412,3350 2470,3332 2489,3400 2683,3400 2678,1641 399,1621"/><pc:TextEquiv conf="0.9977986216545105"><pc:Unicode>ket wird, ſo muß der andre durch be⸗ ſo legen die hervorgebrachte Zahlen 12</pc:Unicode></pc:TextEquiv></pc:TextLine><pc:TextLine id="region_id_8_line0011"><pc:Coords points="399,1621 412,3350 2470,3332 2489,3400 2683,3400 2678,1641 399,1621"/><pc:TextEquiv conf="0.9834180474281311"><pc:Unicode>merket werden. Die harmoniſche und to, oder, welches einerley iſt, 6 und 5,</pc:Unicode></pc:TextEquiv></pc:TextLine><pc:TextLine id="region_id_8_line0012"><pc:Coords points="399,1621 412,3350 2470,3332 2489,3400 2683,3400 2678,1641 399,1621"/><pc:TextEquiv conf="0.9977324604988098"><pc:Unicode>kleine Terz alſo, die ſo gar bey Erthoͤ⸗ das Verhaͤltniß eines Tons gegen den an⸗</pc:Unicode></pc:TextEquiv></pc:TextLine><pc:TextLine id="region_id_8_line0013"><pc:Coords points="399,1621 412,3350 2470,3332 2489,3400 2683,3400 2678,1641 399,1621"/><pc:TextEquiv conf="0.9926080107688904"><pc:Unicode>nung des klingenden Koͤrpers zwiſchen den dern, oder den Unterſcheid der beyden Toͤ⸗</pc:Unicode></pc:TextEquiv></pc:TextLine><pc:TextLine id="region_id_8_line0014"><pc:Coords points="399,1621 412,3350 2470,3332 2489,3400 2683,3400 2678,1641 399,1621"/><pc:TextEquiv conf="0.9953953623771667"><pc:Unicode>harmoniſchen Toͤnen des Stamm⸗ ne dar. Je weiter dieſer Unterſcheid</pc:Unicode></pc:TextEquiv></pc:TextLine><pc:TextLine id="region_id_8_line0015"><pc:Coords points="399,1621 412,3350 2470,3332 2489,3400 2683,3400 2678,1641 399,1621"/><pc:TextEquiv conf="0.9956257343292236"><pc:Unicode>tons e und g hervorgebracht wird, kann von der Einheit entfernet iſt, deſto</pc:Unicode></pc:TextEquiv></pc:TextLine><pc:TextLine id="region_id_8_line0016"><pc:Coords points="399,1621 412,3350 2470,3332 2489,3400 2683,3400 2678,1641 399,1621"/><pc:TextEquiv conf="0.9952424764633179"><pc:Unicode>durch den Bruch bezeichnet werden. groͤßer iſt das Jntervall (7).</pc:Unicode></pc:TextEquiv></pc:TextLine><pc:TextLine id="region_id_8_line0017"><pc:Coords points="399,1621 412,3350 2470,3332 2489,3400 2683,3400 2678,1641 399,1621"/><pc:TextEquiv conf="0.9908241033554077"><pc:Unicode>Man wird aus dieſem Exempel fehen, Auf dieſe Art vergleichet man zween</pc:Unicode></pc:TextEquiv></pc:TextLine><pc:TextLine id="region_id_8_line0018"><pc:Coords points="399,1621 412,3350 2470,3332 2489,3400 2683,3400 2678,1641 399,1621"/><pc:TextEquiv conf="0.9909715056419373"><pc:Unicode>daß, wenn man durch Bruͤche vorgeſtell⸗ Toͤne unter ſich, deren numeriſchen</pc:Unicode></pc:TextEquiv></pc:TextLine><pc:TextLine id="region_id_8_line0019"><pc:Coords points="399,1621 412,3350 2470,3332 2489,3400 2683,3400 2678,1641 399,1621"/><pc:TextEquiv conf="0.9962511658668518"><pc:Unicode>te Toͤne unter ſich vergleichen will, man Werth man weis, das iſt, deren Vor⸗</pc:Unicode></pc:TextEquiv></pc:TextLine><pc:TextLine id="region_id_8_line0020"><pc:Coords points="399,1621 412,3350 2470,3332 2489,3400 2683,3400 2678,1641 399,1621"/><pc:TextEquiv conf="0.9975309371948242"><pc:Unicode>den Zaͤhler des einen mit dem Nenner des ſtellung in Ziefern bekannt iſt. Laßt uns</pc:Unicode></pc:TextEquiv></pc:TextLine><pc:TextEquiv><pc:Unicode>viel als , und daß 4 eben ſo viel als andern, und folglich die Bruͤche kreuz⸗
iſt. Folglich findet ſich zwiſchen weiſe multipliciren muß. Das Pro⸗
und eben die Proportion, die zwiſchen duct giebet die Proportion des einen Tons
und iſt, und ſolche iſt wie 10 gegen den andern, oder, welches einerley
gegen 12, oder wie 5 gegen 6. Wenn iſt, die Differenz der beyden Toͤne.
zween Toͤne alſo eine kleine Terz unter ſich Wenn mit den Bruͤchen 4 und auf
machen, und der erſte davon durch 5 dieſe Art verfahren wird, als:
vorgeſtellet wird ſo muß der andre durch 6
Xc 2—
nerley iſt, wenn der erſte durch 1 bemer⸗
ket wird, ſo muß der andre durch be⸗ ſo legen die hervorgebrachte Zahlen 12
merket werden. Die harmoniſche und to, oder, welches einerley iſt, 6 und 5,
kleine Terz alſo, die ſo gar bey Erthoͤ⸗ das Verhaͤltniß eines Tons gegen den an⸗
nung des klingenden Koͤrpers zwiſchen den dern, oder den Unterſcheid der beyden Toͤ⸗
harmoniſchen Toͤnen des Stamm⸗ ne dar. Je weiter dieſer Unterſcheid
tons e und g hervorgebracht wird, kann von der Einheit entfernet iſt, deſto
durch den Bruch bezeichnet werden. groͤßer iſt das Jntervall (7).
Man wird aus dieſem Exempel fehen, Auf dieſe Art vergleichet man zween
daß, wenn man durch Bruͤche vorgeſtell⸗ Toͤne unter ſich, deren numeriſchen
te Toͤne unter ſich vergleichen will, man Werth man weis, das iſt, deren Vor⸗
den Zaͤhler des einen mit dem Nenner des ſtellung in Ziefern bekannt iſt. Laßt uns</pc:Unicode></pc:TextEquiv></pc:TextRegion><pc:TextRegion id="region_id_13" type="paragraph" continuation="true"><pc:Coords points="1559,2390 1531,2962 2686,2985 2686,2390 1559,2390"/><pc:TextLine id="region_id_13_line0000"><pc:Coords points="1559,2390 1531,2962 2686,2985 2686,2390 1559,2390"/><pc:TextEquiv conf="0.9975953102111816"><pc:Unicode>ſo legen die hervorgebrachte Zahlen 12</pc:Unicode></pc:TextEquiv></pc:TextLine><pc:TextLine id="region_id_13_line0001"><pc:Coords points="1559,2390 1531,2962 2686,2985 2686,2390 1559,2390"/><pc:TextEquiv conf="0.9705806374549866"><pc:Unicode>und 1o, oder, welches einerley iſt, 6 und 5,</pc:Unicode></pc:TextEquiv></pc:TextLine><pc:TextLine id="region_id_13_line0002"><pc:Coords points="1559,2390 1531,2962 2686,2985 2686,2390 1559,2390"/><pc:TextEquiv conf="0.9991393089294434"><pc:Unicode>das Verhaͤltniß eines Tons gegen den an⸗</pc:Unicode></pc:TextEquiv></pc:TextLine><pc:TextLine id="region_id_13_line0003"><pc:Coords points="1559,2390 1531,2962 2686,2985 2686,2390 1559,2390"/><pc:TextEquiv conf="0.9948886632919312"><pc:Unicode>dern, oder den Unterſcheid der beyden Toͤ⸗</pc:Unicode></pc:TextEquiv></pc:TextLine><pc:TextLine id="region_id_13_line0004"><pc:Coords points="1559,2390 1531,2962 2686,2985 2686,2390 1559,2390"/><pc:TextEquiv conf="0.9984939098358154"><pc:Unicode>ne dar. Je weiter dieſer Unterſcheid</pc:Unicode></pc:TextEquiv></pc:TextLine><pc:TextLine id="region_id_13_line0005"><pc:Coords points="1559,2390 1531,2962 2686,2985 2686,2390 1559,2390"/><pc:TextEquiv conf="0.9943714141845703"><pc:Unicode>von der Einheit entfernet iſt, deſto</pc:Unicode></pc:TextEquiv></pc:TextLine><pc:TextLine id="region_id_13_line0006"><pc:Coords points="1559,2390 1531,2962 2686,2985 2686,2390 1559,2390"/><pc:TextEquiv conf="0.9939252138137817"><pc:Unicode>aroͤſer iſt das Jntervall (7).</pc:Unicode></pc:TextEquiv></pc:TextLine><pc:TextEquiv><pc:Unicode>ſo legen die hervorgebrachte Zahlen 12
und 1o, oder, welches einerley iſt, 6 und 5,
das Verhaͤltniß eines Tons gegen den an⸗
dern, oder den Unterſcheid der beyden Toͤ⸗
ne dar. Je weiter dieſer Unterſcheid
von der Einheit entfernet iſt, deſto
aroͤſer iſt das Jntervall (7).</pc:Unicode></pc:TextEquiv></pc:TextRegion></pc:Page>
</pc:PcGts>