2973 3579
802 187 2123 291 zu einem gegebenen Geſange zu ſinden.
578 337 2502 437 ſehr unbeſtimmt iſt, beſonders in der Mitte eines Stuͤcks, und in
575 440 2199 525 einem oder zween Tacten.
488 538 2503 637 2) weil es, ohne auf den Ton Acht zu haben, oͤfters genug iſt, um
578 628 2502 721 nicht zu fehlen, daß man nur die oben (Cap. Vl.) gegebenen Re⸗
574 713 2501 823 geln in Anſehung der Fortſchreitung des Grundbaſſes in Acht
575 820 1070 881 immt.
1344 894 1582 975 §. 24.
406 991 2503 1091 Unterdeſſen iſt es beſonders noͤthig zu wiſſen, in was fuͤr einer
403 1083 2502 1173 Tonart man bey dem Anfange eines Stuͤcks iſt, weil der Grundbaß
401 1172 2504 1260 in eben dieſer Tonart anfangen, und Diskant und Baß in eben der⸗
400 1258 2503 1348 ſelben endigen muß, und zwar in dem Grundtone dieſer Tonatt, der
398 1343 2503 1508 X e ie ae Xerreeetiete
458 1430 2504 1518 eberdieſes muß an denjenigen Oertern des Geſanges, wo eine Ca⸗
400 1518 2501 1608 denz iſt, der Ton und die Tonart des Grundbaſſes mit dem Tone und
400 1600 2420 1686 der Tonart des Geſanges uͤbereinſtimmen.
1337 1713 1593 1796 §. 242.
402 1812 2502 1914 Um zu wiſſen, in was fuͤr einem Tone ein Stuͤck anfaͤngt, brauchet
400 1902 2502 1993 man nur den Unterſcheid zwiſchen c dur und a moll zu kennen, weil
398 1985 2503 2081 wir im vorhergehenden Capitel geſehen, wie alle uͤbrige Tonarten
401 2072 2499 2167 nichts anders, als transponirte Tonarten von dieſen beyden ſind.
403 2156 2505 2255 Man merke ſich auch folgende Mittel, dieſe beyden Toͤne und Tonar⸗
402 2256 2312 2340 ten zu unterſcheiden.
492 2352 2501 2450 1) Man gebe Acht auf die vornehmſten und characteriſtiſchen Toͤne
578 2449 2500 2554 einer Tonart, welche c, e, g in der einen, und a, c, t in der an⸗
581 2527 2501 2621 dern ſind. Wenn ein Stuck alſo anfangt, z. E. a, c, e, a: ſo
581 2614 2499 2706 kann ich den Schluß machen, daß es in a moll iſt, ob die Toͤne
581 2709 2311 2799 a, c, e ſonſt auch gleich in der Tonart c vorkommen.
496 2809 2497 2910 2) Man gebe auf die tonbezeichnende Note Acht, welche h in der
579 2902 2495 2993 einen Tonart, und gis in der andern iſt. Wenn ich alſo zum
578 2986 2495 3081 Anfange des Stuͤcks ein gis ſehe: ſo kann ich verſichert ſeyn,
580 3082 2298 3164 daß ich in dem Tone a bin.
2239 3133 2499 3229 ) Man
