2973 3624
661 148 2214 277 1Buch. V Cap. Von der Temperatur.
2417 173 2496 257 31
359 302 2521 605 Gleichwohl ſoll dieſes His von dem C auf dem Claviere nicht unter⸗
359 302 2521 605 ſchieden ſeyn, ſondern im Einklange oder der Octave mit demſelben uͤber⸗
359 302 2521 605 einkommen, weil die Tonleiter nur aus zwoͤlf halben Toͤnen beſteht.
1291 615 1559 704 §. 66.
438 709 2501 2112 Hieraus folget nothwendig:
438 709 2501 2112 1) Daß auf Jnſtrumenten, wie auf dem Claviere, und wo das
438 709 2501 2112 kleinſte Jntervall ein halber Ton iſt, alle Octaven und Quiten
438 709 2501 2112 unmoglich zugleich voͤllig rein ſeyn koͤnnen.
438 709 2501 2112 2) Daß, wenn man die Quinten voͤllig rein ſtimmet, nothwendig
438 709 2501 2112 die Octaven alterirt ſeyn muͤſſen. Aber die Aehnlichkeit eines
438 709 2501 2112 Tons und ſeiner Octave erlaubet uns dieſe Alteration nicht.
438 709 2501 2112 Dieſe Aehnlichkeit iſt die Urſache, daß die Octave der Graͤnzſtein
438 709 2501 2112 aller uͤbrigen Jntervalle iſt, und daß alles, was dieſe Granzen
438 709 2501 2112 ,uͤberſteiget, nichts anders, als eine Wiederholung oder Replique
438 709 2501 2112 des vorhergehenden iſt. Wenn man ſich alſo einmal vorneh⸗
438 709 2501 2112 men wollte, die Octave zu alteriren, ſo wuͤrde weder in der
438 709 2501 2112 Harmonie noch in der Melodie ein gewiſſer Richtungspunct ſeyn.
438 709 2501 2112 Es iſt alſo ſchlechterdings nothwendig, daß das letzte c oder das
438 709 2501 2112 his mit dem erſten C in einer reinen Octave zuſammenſtim⸗
438 709 2501 2112 met; und hieraus folget, daß in der Quintenfortſchreitung,
2338 2107 2501 2177 oder
344 2197 1415 2593 das iſt, ungefaͤhr um kleiner, als die
344 2197 1415 2593 Einheit, das iſt, als C iſt. Ein neues
344 2197 1415 2593 Comma, welches ſtaͤrker, als das vorher⸗
344 2197 1415 2593 gehende iſt, und von den Griechen apo-
344 2197 1415 2593 tome maior genennet wird (16).
334 2593 1405 3293 Noch mehr, wenn man nach dem ge⸗
334 2593 1405 3293 fundenen gis Z2, die Stimmung Quar⸗
334 2593 1405 3293 ten⸗ und Quintenweiſe fortſetzet, als gis,
334 2593 1405 3293 dis, ais, eis, his, ſo wie wir es das er⸗
334 2593 1405 3293 ſte mal bey der Quintenprogreßion gethan
334 2593 1405 3293 haben, ſo findet man ein his in der Ra⸗
334 2593 1405 3293 tion , welche von der Einheit, das
334 2593 1405 3293 iſt, von C, um 8, das iſt, nngefaͤhr
334 2593 1405 3293 um z unterſchieden iſt. Dieſes Com⸗
1440 2197 2531 2360 ma, welches kleiner iſt, als alle vorher⸗
1440 2197 2531 2360 gehende, heißt apotoie minor. (i7.
1437 2358 2493 3217 Endlich, wenn man nach gefundenen
1437 2358 2493 3217 e in der Terzenfortſchreitung, die
1437 2358 2493 3217 Stimmung Quinten⸗ und Quartenweiſe
1437 2358 2493 3217 fortſetzet, als e, h, fis, cis, ꝛc. ſo wird
1437 2358 2493 3217 man ein his finden, in dem Verhalte
1437 2358 2493 3217 488, welcher von der Einheit unge⸗
1437 2358 2493 3217 faͤhr um z unterſchieden, und das
1437 2358 2493 3217 kleinſte Comma von allen iſt (8. Man
1437 2358 2493 3217 wird aber in Obacht nehmen, daß die
1437 2358 2493 3217 großen Terzen e: gis, as: c, ic. ſehr
1437 2358 2493 3217 ſalſch und alterirt ſeyn werden.
305 2181 2551 3343 das iſt, ungefaͤhr um kleiner, als die ma, welches kleiner iſt, als alle vorher⸗
305 2181 2551 3343 Einheit, das iſt, als C iſt. Ein neues gehende, heißt apotome minor. (7.
305 2181 2551 3343 Comma, welches ſtaͤrker, als das vorher⸗ Endlich, wenn man nach gefundenen
305 2181 2551 3343 gehende iſt, und von den Griechen apo-e in der Terzenfortſchreitung, die
305 2181 2551 3343 tome maior genennet wird (16). Stimmung Quinten⸗ und Quartenweiſe
305 2181 2551 3343 Noch mehr, wenn man nach dem ge⸗ fortſetzet, als e, h, fis, cis, ic. ſo wird
305 2181 2551 3343 fundenen gis F, die Stimmung Quar⸗ man ein his finden, in dem Verhalte
305 2181 2551 3343 ten⸗und Quintenweiſe fortſetzet, als gis, 8, welcher von der Einheit unge⸗
305 2181 2551 3343 dis, ais, eis, his, ſo wie wir es das er⸗ faͤhr um H unterſchieden, und das
305 2181 2551 3343 ſte mal bey der Quintenprogreßion gethan kleinſte Comma von allen iſt (i8. Man
305 2181 2551 3343 haben, ſo ſindet man ein his in der Ra⸗ wird aber in Obacht nehmen, daß die
305 2181 2551 3343 tion 8F, welche von der Einheit, das großen Terzen e: gis, as: c, ic. ſehr
305 2181 2551 3343 iſt, von C, um r, das iſt, nngefaͤhr ſalſch und alterirt ſeyn werden.
305 2181 2551 3343 um z unterſchieden iſt. Dieſes Com⸗
