2973 3691
466 215 545 284 72
842 187 2260 288 IBuch. ICap. Von den verſchiedenen
1040 466 2634 617 Zweytes Buch,
840 632 2480 718 — welches die
471 725 2640 915 vornehmſten Regeln der muſikaliſchen
1129 927 2625 1067 Setzkunſt enthaͤlt.
1276 1180 1838 1279 Vorbereitung.
1424 1333 1693 1414 §. 157.
475 1422 672 1653 D
679 1421 2640 1521 ie Compoſition oder Setzkunſt, welche auch Contrapunct
702 1518 2640 1611 genennet wird, beſtehet nicht allein in der Kunſt, einen einzelnen
702 1603 2642 1695 angenehmen Geſang zu verfertigen, ſondern annoch verſchiedene
472 1692 2640 1787 Geſaͤnge dergeſtalt zuſammen zu ſetzen, daß ſie dem Gehoͤre Vergnuͤgen
474 1785 2640 1882 machen. Man nennet dieſes eine vielſtimmige Muſik ſetzen, oder
475 1876 1172 1963 obligat componiren.
1434 1962 1679 2041 §. 158.
655 2055 2638 2155 Die hoͤchſte Stimme wird der Diskant, und die tiefſte der Baß
475 2148 2640 2242 genennet. Von den Mittelſtimmen heißt diejenige, die dem Diskante
476 2235 2640 2338 am naͤchſten iſt, der Alt, und diejenige, die dem Baſſe am naͤchſten iſt,
476 2328 2362 2404 der Tenor.0
590 2551 2372 2685 Erſtes Capitel.
550 2678 2572 2819 Von den verſchiedenen Benennungen eines
882 2831 1789 2938 Jntervalls.
1441 2991 1664 3075 §. 159.
484 3054 736 3287 W
746 3094 2639 3185 ir haben in der Vorbereitung zum I Buche §. 9. die bekann⸗
769 3184 2637 3272 teſten Benennungen der verſchiedenen Jntervalle angemerket.
2550 3289 2643 3357 Es
