2973 3697
1332 185 1749 296 Vorbericht
475 354 2632 460 Um die Anzahl der Gegenſtaͤnde und Lehrſaͤtze nicht zu
470 473 2627 572 haͤufen, habe ich verſchiedene Anmerkungen und Regeln, deren
472 586 2626 684 Gebrauch ſelten iſt, in die Noten des zweyten Buches herunter
469 697 2624 803 geſetzet, welche man zu einer zweyten Durchleſung ausſetzen
468 809 2629 913 kann, wenn man die im Texte vorgetragene weſentliche Regeln
466 929 2625 1030 genugſam wird begriffen haben.
456 1036 2623 1140 Dieſes zweyte Buch ſetzet ebenfalls im Grunde keine Be⸗
461 1145 2623 1260 kanntſchaft mit dem Geſange, ja nicht einmal eine Kaͤnntniß
458 1260 2622 1362 der Muſik voraus. Es erfordert nur, daß man wiſſe, nicht
458 1373 2619 1480 die Noten anzuſtimmen, ſondern nur, daß man den Diskant⸗
459 1482 2623 1590 und Baßſchluͤſſel kenne. Annoch kann man ſich vermittelſt
457 1595 2615 1701 meines Werks ſelbſt dieſe Kaͤnntniß zuwege bringen, weil ich
457 1701 2615 1818 im Anfange des zweyten Buches, die Stellung der Schluͤſſel
457 1820 2615 1920 und der Noten erklaͤre. Es koͤmmt nur darauf an, ſich ein
457 1932 2616 2044 wenig bekannt damit zu machen, und alle Schwierigkeit wird
457 2045 2221 2155 ſofort wegfallen.
476 2157 2613 2271 Man erwarte aber nicht, hier alle Regeln der muſicali⸗
454 2272 2614 2380 ſchen Setzkunſt zu ſinden, insbeſondere die Regeln der vielſtim⸗
454 2380 2612 2497 migen Muſik, die, weil ſie weniger ſtrenge ſind, fuͤrnehmlich
452 2495 2614 2604 durch die Uebung, durch Nachahmung guter Muſter, durch
457 2611 2612 2720 Beyhuͤlfe eines muͤndlichen Unterrichts, ꝛc. erlernet werden.
455 2722 2611 2827 Dieſes Werk iſt eigentlich nichts anders, als ein muſicaliſcher
457 2833 2612 2939 Donat, welchen ich dazu beſtimmet habe, den Anfaͤngern die
456 2945 2611 3051 Grundlehren der Muſik, aber nicht alle beſondere Regeln und
456 3065 2576 3167 Ausnahmen der Regeln, zu entwickeln.
2335 3245 2612 3373 Noch
