2973 3613
1101 162 1801 294 des Generalbaſſes.
2407 181 2533 294 93
969 319 1896 446 Dritte Regel.
351 452 2540 742 Der Secundenaccord wird dergeſtalt ausgeuͤbet, daß der Baß
351 452 2540 742 ſyncopiret, und hernach zu ſeiner Aufloͤſung eine Stufe unter ſich gehet
351 452 2540 742 (§. 200, 202), z E. [fn_zz)]
1524 1303 2527 1411 M 3 Neuntes
365 1451 1419 1595 2r) Man muß ſo viel moͤglich ver⸗
365 1451 1419 1595 meiden:
433 1600 1454 3239 1) daß die Ober⸗ und Unterſtimme
433 1600 1454 3239 nicht einerley Noten machen, zum
433 1600 1454 3239 wenigſten nicht im Niederſchlage
433 1600 1454 3239 oder auf einem guten Tacttheile,
433 1600 1454 3239 ausgenommen bey vollkommenen
433 1600 1454 3239 Cadenzen.
433 1600 1454 3239 2) daß man nicht zwo Octaven oder
433 1600 1454 3239 zwo Quinten hinter einander ſetze.
433 1600 1454 3239 Zum Exempel, wenn die Oberſtim⸗
433 1600 1454 3239 me g e bat, ſo muß der Baß
433 1600 1454 3239 nicht g e oder c a haben. Jm
433 1600 1454 3239 erſtern Falle kaͤmen Ortaven, in
433 1600 1454 3239 dem andern Quinten zum Vorſchein.
433 1600 1454 3239 Dieſe Regel gruͤndet ſich darauf,
433 1600 1454 3239 daß der Generalbaß nicht die Ober⸗
433 1600 1454 3239 ſtimme copiren, ſondern einen ver⸗
433 1600 1454 3239 ſchiedenen Geſang formiren muß.
433 1600 1454 3239 3) Wenn verſchiedene Noten im Ge⸗
433 1600 1454 3239 neralbaſſe vorkommen, die ſich al⸗.
433 1600 1454 3239 le auf eben dieſelbe Grundharmo⸗
433 1600 1454 3239 nie beziehen: ſo brauchet man nut
1441 1423 2526 3201 die erſte von dieſen Noten zu bezif⸗
1441 1423 2526 3201 fern, oder man beziffert ſie nicht
1441 1423 2526 3201 einmal, wenn es eine toniſche No⸗
1441 1423 2526 3201 te iſt, und zeiget die verbleibende
1441 1423 2526 3201 Harmonie durch einen Strich uͤber
1441 1423 2526 3201 den andern Noten an, z. E.
1441 1423 2526 3201 — —
1441 1423 2526 3201 4
1441 1423 2526 3201 4) Wenn in dem Generalbaſſe eine
1441 1423 2526 3201 Note vorkoͤmmt, die ſich auf ver⸗
1441 1423 2526 3201 ſchiedene Grundbaͤſſe bezieht: ſo
1441 1423 2526 3201 muß man die verſchiedenen Accorde,
1441 1423 2526 3201 die auf derſelben gemacht werden
1441 1423 2526 3201 ſollen, durch gehoͤrige Bezifferung
1441 1423 2526 3201 anzeigen. Zum Exempel, die Baß⸗
1441 1423 2526 3201 note g kann folgende drey Grund⸗
1441 1423 2526 3201 baͤſſe hinter einander haben c g c.
1441 1423 2526 3201 Jn dieſem Falle muß man das g
1441 1423 2526 3201 als in drey Theile unterſchieden be⸗
1441 1423 2526 3201 trachten, deren eines mit, das
1441 1423 2526 3201 andre mit 7, und das dritte wie⸗
334 1405 2558 3270 22) Man muß ſo viel moͤglich ver⸗ die erſte von dieſen Noten zu bezif⸗
334 1405 2558 3270 meiden: fern, oder man beziffert ſie nicht
334 1405 2558 3270 1) daß die Ober⸗ und Unterſtimme einmal, wenn es eine toniſche No⸗
334 1405 2558 3270 nicht einerley Noten machen, zum te iſt, und zeiget die verbleibende
334 1405 2558 3270 wenigſten nicht im Niederſchlage Harmonie durch einen Strich uͤber
334 1405 2558 3270 oder auf einem guten Tacttheile, den andern Noten an, z. E.
334 1405 2558 3270 ausgenommen bey vollkommenen 6 —
334 1405 2558 3270 Cadn. Pk
334 1405 2558 3270 2) daß man nicht zwo Octaven oder
334 1405 2558 3270 zwo Quinten hinter einander ſetze.
334 1405 2558 3270 Zum Exempel, wenn die Oberſtim⸗ 4) Wenn in dem Generalbaſſe eine
334 1405 2558 3270 me g e bat, ſo muß der Baß Note vorkoͤmmt, die ſich auf ver⸗
334 1405 2558 3270 nicht g e oder c a haben. Jm ſchiedene Grundbaſfe bezieht: ſo
334 1405 2558 3270 erſtern Falle kaͤmen Ortaven, in muß man die verſchiedenen Accorde,
334 1405 2558 3270 dem andern Quinten zum Vorſchein. die auf derſelben gemacht werden
334 1405 2558 3270 Dieſe Regel gruͤndet ſich darauf, ſollen, durch geboͤrige Bezifferung
334 1405 2558 3270 daß der Generalbaß nicht die Ober⸗ anzeigen. Zum Exempel, die Baß⸗
334 1405 2558 3270 ſtimme copiren, ſondern einen ver⸗ note g kann folgende drey Grund⸗
334 1405 2558 3270 ſchiedenen Geſang formiren muß. baͤſſe hinter einander haben c g c.
334 1405 2558 3270 3) Wenn verſchiedene Noten im Ge⸗ Jn dieſem Falle muß man das g
334 1405 2558 3270 neralbaſſe vorkommen, die ſich al⸗⸗ als in drey Theile unterſchieden be⸗
334 1405 2558 3270 le auf eben dieſelbe Grundharmo⸗ trachten, deren eines mit , das
334 1405 2558 3270 nie beziehen: ſo brauchet man nut andre mit 7, und das dritte wie⸗
334 1405 2558 3270 der
2382 3202 2495 3271 der
