2973 3700
436 167 573 253 26
1024 152 2087 253 1Buch. VI Cav. Von der
578 425 2512 835 Sechſtes Capitel.
578 425 2512 835 Von der diatoniſchen Tonleiter
578 425 2512 835 der heutigen Zeit.
1399 871 1672 977 §. 55.
452 962 720 1220 W
400 982 2672 1933 ir haben in dem vorigen Capitel geſehen, wie die Tonleiter der
400 982 2672 1933 Griechen h, c, d, e, f g, a, vermittelſt des Grundbaſſes
400 982 2672 1933 f: c: g, aus nicht mehr als aus drey verſchiedenen Toͤnen
400 982 2672 1933 entſpringe. Aber um die heutiges Tages gebraͤuchliche Leiter c, d, e,
400 982 2672 1933 f, g, , h, c hervorzubringen, muß man zu dem Grundbaſſe nothwen⸗
400 982 2672 1933 dig den Ton d hinzufuͤgen, und vermittelſt deſſen folgenden Grund⸗
400 982 2672 1933 baß formiren:
400 982 2672 1933 c g, d, g, c.
400 982 2672 1933 Hieraus entſpringet folgende Leiter:
400 982 2672 1933 c, d, e,fg g, g, a, h, c.
442 1909 2676 2192 Jn der That gehoͤret das c aus der Leiter, der Harmonie des
442 1909 2676 2192 Tons c aus dem Grundbaſſe, das folgende d dem d, das e dem c
442 1909 2676 2192 und ſo weiter, zu.
1402 2172 1667 2273 §. 56.
455 2276 2637 2542 Hieraus folget, daß die Tonleiter der Griechen ſimpler, als die
455 2276 2637 2542 unſrige iſt, zum wenigſten in gewiſſer Abſicht, weil die ihrige aus der
455 2276 2637 2542 einzigen Tonart c formiret iſt, (Cap. 5.), anſtatt daß die unſrige ur⸗
2381 2542 2630 2645 ſpruͤng⸗
461 2662 1529 3148 q Der numeriſche Werth der Toͤne iſt
461 2662 1529 3148 mit dem aus der vorigen Tonleiter einer⸗
461 2662 1529 3148 ley, ausgenommen bey dem a; denn da
461 2662 1529 3148 d iſt: ſo iſt die Quinte davon Z.
461 2662 1529 3148 Folglich ſiehet die Leiter folgendergeſtalt
461 2662 1529 3148 aus:
1564 2675 2647 3203 Woraus man ſiehet, daß das a aus dieſer
1564 2675 2647 3203 Leiter von dem a der Griechen unterfchie⸗
1564 2675 2647 3203 den iſt, und daß die Differenz wie ge⸗
1564 2675 2647 3203 gen 4, das iſt, wie g1: 80 iſt. Sie ſind
1564 2675 2647 3203 alſo wie ein Comma von einander unter⸗
1564 2675 2647 3203 ſchieden.
445 2655 2676 3329 q Der numeriſche Werth der Toͤne iſt Woraus man ſiehet, daß das a aus dieſer
445 2655 2676 3329 mit dem aus der vorigen Tonleiter einer⸗ Leiter von dem a der Griechen unterſchie⸗
445 2655 2676 3329 ley, ausgenommen bey dem a; denn da den iſt, und daß die Differenz wie ge⸗
445 2655 2676 3329 errr rrer
445 2655 2676 3329 Folglich ſiehet die Leiter folgendergeſtalt
445 2655 2676 3329 aus: alſo wie ein Comma von einander unter⸗
445 2655 2676 3329 1 413 2 ſchieden.
445 2655 2676 3329 cdefgahc.
