2973 3718
456 178 558 304 4
1302 155 1838 316 Vorbereitung.
1420 317 1692 456 §. 7.
457 412 2706 853 Es werden aus dieſer Urſache die Jntervalle e: f und h: t
457 412 2706 853 halbe Toͤne; die Jntervalle aber c: d, d: e, f: g, g:a und a: h
457 412 2706 853 ganze Toͤne genennet. Ein ganzer Ton heißt ſonſt eine große
457 412 2706 853 Secunde, und ein halber Ton eine kleine Secunde.
1442 831 1714 963 §. 8.
428 957 2692 1280 Jn diatoniſcher Ordnung von einem Tone zum andern fort⸗
428 957 2692 1280 gehen, ſteigend oder fallend, heißt ſo viel, als durch ganze und halbe
428 957 2692 1280 Toͤne, oder mit großen und kleinen Secunden fortgehen.
428 1360 2677 1809 Zweytes Capitel.
428 1360 2677 1809 Namen, womit man die verſchiedenen Jnter⸗
428 1360 2677 1809 .valle der Tonleiter bemerket.
1449 1816 1721 1948 s. 9.
657 1924 2658 2126 in Jntervall, welches aus einem ganzen und halben Tone be⸗
657 1924 2658 2126 ſteht/ z. E. e: g a::c, oder d: f, heißt eine kleine Terz.
408 2103 2680 2294 Ein Jntervall, welches aus zweenen ganzen Toͤnen beſteht,
408 2103 2680 2294 z. E. c: e f: a, oder g: h, heißt eine große Terz.
452 2298 2673 2466 Ein Jntervall, welches aus zweenen ganzen und einem halben Tone
452 2298 2673 2466 beſteht, z. E. c: f, oder g: c, heißt eine Quarte.
411 2448 2655 2635 Ein Jntervall, welches aus drey ganzen Toͤnen beſteht, als f: h,
411 2448 2655 2635 heißt ein Triton, oder eine ubermaßige Quarte.
448 2643 2684 2830 Ein Jntervall, welches aus drey ganzen und einem halben Tone
448 2643 2684 2830 beſteht, als c: g, f: c, d: a oder e: h, heißt eine Quinte.
433 2812 2699 3007 Ein Jntervall, welches aus drey ganzen und zweenen halben Toͤ⸗
433 2812 2699 3007 nen beſteht, als e: c, heißt eine kleine Sexte.
459 2996 2669 3175 Ein Jntervall, welches aus vier ganzen und einem halben Tone
459 2996 2669 3175 beſteht, als c: a, heißt eine große Sexte.
426 3179 2677 3348 Ein Jntervall, welches aus vier ganzen und zweenen halben Toͤnen
426 3179 2677 3348 beſteht, als d: c heißzt eine kleine Septiume.
2486 3355 2666 3450 Ein
