2973 3606
620 1180 2382 1612 Vorbericht
620 1180 2382 1612 des Herrn dAlembert.
435 1754 990 2507 E
435 1754 990 2507 ee
410 1968 2575 3215 inige, obgleich nicht beſonders in der Muſik
410 1968 2575 3215 erfahrne Freunde, wuͤnſchten von den Ent⸗
410 1968 2575 3215 deckungen und Lehrſaͤtzen des beruͤhmten
410 1968 2575 3215 Herrn Rameau unterrichtet zu ſeyn. Auf
410 1968 2575 3215 Erſuchen derſelben geſchah es, daß ich unterm
410 1968 2575 3215 Leſen der vortrefflichen Schriften dieſes großen Kuͤnſtlers gegen⸗
410 1968 2575 3215 waͤrtiges Werkchen verfertigte. Da ſie in ſelbigem Deutlichkeit
410 1968 2575 3215 und Methode zu finden glaubten: ſo beredeten ſie mich, ſolches
410 1968 2575 3215 an das Licht zu ſtellen, in der vielleicht zu ſchmeichleriſchen Ver⸗
410 1968 2575 3215 ſicherung, daß den Anfaͤngern der Harmonie dadurch einiger
410 1968 2575 3215 Nutzen erwachſen koͤnnte. Das iſt der einzige Bewegungs⸗
1524 3189 2569 3315 a 2 grund,
