2973 3594
399 900 2115 1080 Einleitung
397 1137 2496 1379 Muſic aliſche Setzkunſt,
396 1399 2273 1506 nach den Lehrſaͤtzen des Herrn Rameau.
1017 1588 2394 1750 Vorbereitung,
405 1723 2418 1891 worinnen verſchiedene Kunſtwoͤrter
1197 1917 2251 2011 erklaͤret werden.
396 2125 2465 2232 . Erſt es Capitel.
400 2229 2491 2381 Was man durch Melodie, Accord, Har⸗
396 2384 2472 2477 monie, Jntervall, verſtehet.
1358 2518 1542 2598 §. 1.
657 2623 2489 2711 Der Geſang oder die Melodie iſt nichts anders, als eine
797 2712 2488 2802 Reihe von Toͤnen, die auf eine das Gehoͤr ergotzende Art
795 2796 2267 2887 hinter einander folgen ().
1334 2909 1542 2988 §. 2.
572 2999 2485 3101 Wenn einige Toͤne zuſammen angeſchlagen werden, ſo nennet
396 3083 2485 3189 man ſolches einen Accord, und eine Reihe von Accorden, die in ihrer
402 3171 2464 3259 Folge das Ohr vergnugen, heißt eine Harmonie (2).
479 3260 2484 3347 Einleit. in die muſic. Setzk. A §. 3.
