2973 3709
449 162 566 269 28
992 142 2089 284 1Buch. vi Cap. Von der
541 309 2688 1051 1) Daß man die Tonart veraͤndert, ſo oft man drey ganze Toͤne
541 309 2688 1051 hinter einander anſtimmet.
541 309 2688 1051 2) Daß, wenn man dieſe drey ganze Toͤne in der Leiterccd e f
541 309 2688 1051 g a hchinter einander anſtimmet, dieſes nicht anders, als ver⸗
541 309 2688 1051 mittelſt eines ausgedruͤckten oder darunter verſtandenen Ruhe⸗
541 309 2688 1051 puncts nach dem Tone f geſchehen kann; daß folglich die drey
541 309 2688 1051 ganze Toͤne f g a h gleichſam zu zweyen verſchiedenen Tetra⸗
541 309 2688 1051 chorden gehoͤren.
1419 1020 1723 1126 §. 6o.
459 1132 2663 1751 Man darf ſich itzo nicht wundern, daß es eine Art von Schwie⸗
459 1132 2663 1751 rigkeit ſetzet, drey ganze Toͤne hinter einander zu ſingen, weil man ſol⸗
459 1132 2663 1751 ches nicht ohne Veraͤnderung der Tonart thun kann, und daß, wenn
459 1132 2663 1751 man in eben derſelben Tonart bleibet, der vierte Ton niemals hoͤher,
459 1132 2663 1751 als einen halben Ton als der vorhergehende iſt, wie man an c, d, e, f
459 1132 2663 1751 und an g, h, a, c ſiehet, wo zwiſchen e: f und h:cnicht mehr, als der
459 1132 2663 1751 Raum von einem halben Tone vorhanden iſt.
1419 1761 1698 1847 §. 6.
449 1852 2667 2395 Man kann annoch bemerken, daß die kleine Terz d: f aus der
449 1852 2667 2395 Tonleiter c, d, e, f, aus dem unter dem §. 46. angezeigten Grunde,
449 1852 2667 2395 nicht rein iſt. Gleiche Bewandniß hat es mit der kleinen Terz a: c
449 1852 2667 2395 und der großen Terz f: a. Uebrigens machet ein jeder dieſer Toͤne eine
449 1852 2667 2395 vollkommen reine Conſonanz mit den ihnen zugehoͤrigen Toͤnen aus
449 1852 2667 2395 dem Grundbaſſe.
1419 2370 1693 2471 §. 62.
449 2477 2662 2832 Die Terzen a: c und f: a, die in der erſtern Tonleiter rein
449 2477 2662 2832 waren, ſind in dieſer unrein, weil in jener der Ton a die Terz von f
449 2477 2662 2832 war, in dieſer aber die Quinte von dem in dem Grundbaſſe ihm zuge⸗
449 2477 2662 2832 hoͤrigen d iſt.
1424 2817 1683 2918 §. 63.
439 2908 2672 3111 Alſo ſiehet man, daß die Tonleiter der Griechen weniger
439 2908 2672 3111 alterirte Conſonanzen, als die unſrige enthaͤlt ), und dieſes
2422 3095 2644 3172 koͤmmt
440 3183 1536 3350 r Weil in der Tonleiter der Griechen
440 3183 1536 3350 a die Terz von f iſt, ſo iſt zwiſchen a
1561 3183 2637 3340 und d eine alterirte Quinte; hingegen in
1561 3183 2637 3340 der unſrigen Tonleiter, wo a die Qninte
2521 3350 2653 3416 von
426 3165 2673 3444 r) Weil in der Tonleiter der Griechen und d eine alterirte Quinte; hingegen in
426 3165 2673 3444 a die Terz von f iſt, ſo iſt zwiſchen a der unſrigen Tonleiter, wo a die Qninte
426 3165 2673 3444 von
