2973 3598
795 187 2136 292 1Buch. Cap. Von Erfahrungen.
2387 195 2512 292 II
447 343 2508 709 Wir wollen ſetzen, daß A B eine klingende, an den beyden Enden
447 343 2508 709 A, B befeſtigte, Seyte iſt; und
447 343 2508 709 daß eine andere klingende und an ihren beyden Enden C, F befe⸗
447 343 2508 709 ſtigte Seyte, die Unterduodecime gegen A B machet.
455 677 2524 1288 Sobald die Seyte A B allein erklingen wird, ſo wird man die
455 677 2524 1288 Seyte C F erzittern ſehen, ohne zu erklingen, und ſie wird waͤh⸗
455 677 2524 1288 render Erzitterung die Figur C KDHE GFmachen, worinnen
455 677 2524 1288 man leichtlich die unbeweglichen Puncte D, E, und die drey Aus⸗
455 677 2524 1288 ſchweifungen uͤber ihre Graͤnzen K, H, G unterſcheiden wird;
455 677 2524 1288 folglich werden die drey Theile CD, DE, EF c. gleich und
455 677 2524 1288 die Puncte D, E in Ruhe ſeyn.
447 1288 2528 1988 Wenn ferner die an den beyden Enden L, M befeſtigte Seyte L M,
447 1288 2528 1988 die Unterdecime Septime gegen die Seyte A B hervorbringt:
447 1288 2528 1988 ſo wird dieſe Seyte LM erzittern, ſobald die Seyte A B er⸗
447 1288 2528 1988 klingen wird, und man wird bey der Seyte L M, waͤhrender
447 1288 2528 1988 Erzitterung, die fuͤnf Ausſchweifungen X, V, T, S, R, und die
447 1288 2528 1988 vier feſten und unbeweglichen Puncte N, O, P, Q, außer den
447 1288 2528 1988 beyden feſten Enden, L, M, wahrnehmen; ja dieſe Puncte wer⸗
447 1288 2528 1988 den annoch in gleicher Weite einer von dem andern abſtehen ).
1598 1990 1768 2070 B 2
2368 1984 2523 2106 Die
373 2106 1451 3048 d) Um die Oberquarte von dem
373 2106 1451 3048 Tone 1 zu haben, muß man die Unter⸗
373 2106 1451 3048 duodecime des Tons 1, und die zweyfache
373 2106 1451 3048 Oberoctave von dieſer Duodecime neh⸗
373 2106 1451 3048 men. Jn der That iſt f die Unterduo⸗
373 2106 1451 3048 decime von F, und die zweyfache Octave
373 2106 1451 3048 dieſes f, welche F iſt, iſt die Quarte
373 2106 1451 3048 von F. Weil die Unterduodecime von 1
373 2106 1451 3048 alſo iſt, ſo folget, daß die Doppel⸗
373 2106 1451 3048 octave dieſer Duodecime, das iſt, die
373 2106 1451 3048 Quarte des Tons 1 im Hinaufſteigen,
373 2106 1451 3048 mit 4 multiplicirt, das iſt iſt.
415 3034 1451 3192 Weil endlich die große Terz nichts
415 3034 1451 3192 anders, als die zweyfache Unteroctave
1471 2112 2539 2439 von der Decime⸗Septime iſt: ſo folget
1471 2112 2539 2439 daher, daß die große Terz von dem Tone
1471 2112 2539 2439 1ſo viel als 5 dividirt mit 4, das iſt L
1471 2112 2539 2439 ſeyn muß.
1490 2427 2534 3039 Die große Terz eines Tons, z. E. die
1490 2427 2534 3039 große Terz e von c, und die Quinte g,
1490 2427 2534 3039 machen unter ſich die kleine Terz e: g.
1490 2427 2534 3039 Weil nun e, und g iſt, wie vorher
1490 2427 2534 3039 bewieſen worden: ſo folget daher, daß die
1490 2427 2534 3039 kleine Terz, z. E.e: g durch die Pro⸗
1490 2427 2534 3039 portion des Bruches gegen Hvorgeſtel⸗
1490 2427 2534 3039 let werden muß.
1479 3037 2534 3200 Dieſe Proportion zu beſtimmen, muß
1479 3037 2534 3200 man in Obacht nehmen, daß eben ſo
2415 3192 2528 3264 viel
353 2094 2553 3308 d) Um die Oberquarte von dem von der Decime⸗Septime iſt: ſo folget
353 2094 2553 3308 Tone 1 zu haben, muß man die Unter⸗ daher, daß die große Terz von dem Tone
353 2094 2553 3308 duodecime des Tons 1, und die zweyfache 1 ſo viel als 5 dividirt mit 4, das iſt
353 2094 2553 3308 Oberoctave von dieſer Duodecime neh⸗ ſeyn muß.
353 2094 2553 3308 men. Jn der That iſt f die Unterduo⸗ Die große Terz eines Tons, z. E. die
353 2094 2553 3308 decime von , und die zweyfache Octave große Terz e von c, und die Quinte g,
353 2094 2553 3308 dieſes f, welche F iſt, iſt die Quarte machen unter ſich die kleine Terz e: g.
353 2094 2553 3308 von F. Weil die Unterduodecime von1 Weil nun e H, und g iſt, wie vorher
353 2094 2553 3308 alſo iſt, ſo folget, daß die Doppel⸗ bewieſen worden: ſo folget daher, daß die
353 2094 2553 3308 octave dieſer Duodecime, das iſt, die kleine Terz, z. E. e: g durch die Pro⸗
353 2094 2553 3308 Quarte des Tons 1 im Hinaufſteigen, portion des Bruches gegen vorgeſtel⸗
353 2094 2553 3308 mit 4 multiplicirt, das iſt iſt. let werden muß.
353 2094 2553 3308 Weil endlich die große Terz nichts Dieſe Proportion zu beſtimmen, muß
353 2094 2553 3308 anders, als die zweyfache Unteroctave man in Obacht nehmen, daß eben ſo
