2973 3707
473 200 549 266 32
794 175 2324 263 1Buch. vII Cap. Von der Temperatur.
658 329 2657 412 oder, welches einerley iſt, in der abwechſelnden Quinten⸗ und
663 416 2656 512 Quartenfolge C, G, d, A, e, h, ſis, cis, gis, dis, ais, eis,
665 506 2657 599 his, nothwendig entweder alle Quinten, oder wenigſtens ei⸗
664 597 2651 686 nige, etwas von ihrer arithmetiſchen Reinigkeit verlieren muͤſſen.
664 686 2654 776 Da nun keine Urſache vorhanden iſt, warum man die eine eher, als
664 771 2654 870 die andre veraͤndern ſollte: ſo folget daraus, daß wir ſie alle gleich
659 861 2655 953 viel veraͤndern muͤſſen. Da vermittelſt dieſes Verfahrens ſich
660 950 2655 1038 die Alteration uͤber alle Quinten in gleicher Maaße ausbreitet:
662 1042 2653 1132 ſo wird ſolche deswegen, bey jeder beſonders, faſt unmerklich,
662 1133 2655 1225 und alſo die Quinte, das vollkommenſte Jntervall nach der
653 1221 2175 1312 Octave, nur ſo wenig als moͤglich, alterirt ſeyn.
1460 1376 1685 1458 §. 67.
494 1482 2658 1576 Es iſt wahr, daß wir dadurch etwas harte Terzen bekommen
481 1574 2654 1664 werden. Da aber die Terz ein weniger conſonirendes Jntervall, als
483 1663 2660 1752 die Quinte iſt: ſo iſt es noͤthig, ſagt der Hr. Rameau, die Reinig⸗
486 1752 2657 1838 keit der Terzen den Quinten aufzuopfern; denn, je conſonirender ein
487 1839 2658 1927 Jntervall iſt, deſto mehr misfaͤllet die Veraͤnderung deſſelben dem
488 1923 2657 2014 Gehore; und wuͤrde die allergeringſte Veraͤnderung der Octave un⸗
483 2010 965 2103 ertraͤglich ſeyn.
1471 2109 1677 2190 § 68.
661 2214 2653 2312 Dieſe Veraͤnderung der Jntervallen auf einem Jnſtrumente
492 2305 1279 2394 heißt eine Teimperatur.
1466 2409 1705 2492 §. 69.
667 2511 2658 2612 Aus allem dieſen folget, daß es bey der Theorie der Tempera⸗
493 2609 1620 2688 tur auf folgende Aufgabe ankoͤmmt.
676 2709 2659 2801 Jn der gegebenen abwechſelnden Quinten⸗ und Quartenfolge
760 2794 2655 2893 C, G, d, A, e, h, fis, cis, gis, dis, ais, eis und his,
762 2887 2657 2977 worinnen das his nicht mit dem c uͤbereinſtimmet, ſollen
754 2974 2656 3074 alle Quinten dergeſtalt veraͤndert werden, daß die beyden c
761 3065 2296 3157 eine vollkommen reine Octave unter ſich machen.
2461 3231 2659 3313 §. 70.
