<pc:PcGts xmlns:pc="http://schema.primaresearch.org/PAGE/gts/pagecontent/2019-07-15" xmlns:xsi="http://www.w3.org/2001/XMLSchema-instance" xsi:schemaLocation="http://schema.primaresearch.org/PAGE/gts/pagecontent/2019-07-15 http://schema.primaresearch.org/PAGE/gts/pagecontent/2019-07-15/pagecontent.xsd">
    <pc:Metadata>
        <pc:Creator>OCR-D/core 2.4.4</pc:Creator>
        <pc:Created>2021-01-10T21:42:09</pc:Created>
        <pc:LastChange>2021-01-10T21:42:09</pc:LastChange>
        <pc:MetadataItem type="processingStep" name="preprocessing/optimization/binarization" value="ocrd-olena-binarize">
            <pc:Labels>
                <pc:Label value="sauvola" type="impl"/>
                <pc:Label value="0.34" type="k"/>
                <pc:Label value="101" type="win-size"/>
            </pc:Labels>
        </pc:MetadataItem>
        <pc:MetadataItem type="processingStep" name="preprocessing/optimization/cropping" value="ocrd-anybaseocr-crop">
            <pc:Labels>
                <pc:Label value="True" type="force"/>
                <pc:Label value="0.04" type="colSeparator"/>
                <pc:Label value="0.3" type="maxRularArea"/>
                <pc:Label value="0.05" type="minArea"/>
                <pc:Label value="0.01" type="minRularArea"/>
                <pc:Label value="0.75" type="positionBelow"/>
                <pc:Label value="0.4" type="positionLeft"/>
                <pc:Label value="0.6" type="positionRight"/>
                <pc:Label value="10.0" type="rularRatioMax"/>
                <pc:Label value="3.0" type="rularRatioMin"/>
                <pc:Label value="0.95" type="rularWidth"/>
                <pc:Label value="page" type="operation_level"/>
            </pc:Labels>
        </pc:MetadataItem>
        <pc:MetadataItem type="processingStep" name="layout/segmentation/region" value="ocrd-tesserocr-segment-region">
            <pc:Labels externalModel="ocrd-tool" externalId="parameters">
                <pc:Label value="-1" type="dpi"/>
                <pc:Label value="True" type="overwrite_regions"/>
                <pc:Label value="0" type="padding"/>
                <pc:Label value="False" type="crop_polygons"/>
                <pc:Label value="True" type="find_tables"/>
                <pc:Label value="False" type="sparse_text"/>
            </pc:Labels>
        </pc:MetadataItem>
        <pc:MetadataItem type="processingStep" name="layout/segmentation/line" value="ocrd-tesserocr-segment-line">
            <pc:Labels externalModel="ocrd-tool" externalId="parameters">
                <pc:Label value="-1" type="dpi"/>
                <pc:Label value="True" type="overwrite_lines"/>
            </pc:Labels>
        </pc:MetadataItem>
        <pc:MetadataItem type="processingStep" name="layout/segmentation/region" value="ocrd-cis-ocropy-clip">
            <pc:Labels externalModel="ocrd-tool" externalId="parameters">
                <pc:Label value="line" type="level-of-operation"/>
                <pc:Label value="-1" type="dpi"/>
                <pc:Label value="0.7" type="min_fraction"/>
            </pc:Labels>
        </pc:MetadataItem>
        <pc:MetadataItem type="processingStep" name="recognition/text-recognition" value="ocrd-calamari-recognize">
            <pc:Labels externalModel="ocrd-tool" externalId="parameters">
                <pc:Label value="/data/models/calamari/GT4HistOCR/*.ckpt.json" type="checkpoint"/>
                <pc:Label value="confidence_voter_default_ctc" type="voter"/>
                <pc:Label value="line" type="textequiv_level"/>
                <pc:Label value="0.001" type="glyph_conf_cutoff"/>
            </pc:Labels>
        </pc:MetadataItem>
    </pc:Metadata>
    <pc:Page imageFilename="OCR-D-IMG/Marpurg_1757-105.png" imageWidth="2973" imageHeight="3690" type="content">
        <pc:AlternativeImage filename="OCR-D-IMG-BIN/OCR-D-BIN_Marpurg_1757-105-BIN_sauvola.png" comments="binarized"/>
        <pc:AlternativeImage filename="OCR-D-IMG-CROP/OCR-D-IMG-CROP_Marpurg_1757-105.png" comments="binarized,cropped"/>
        <pc:Border>
            <pc:Coords points="472,173 2646,173 2646,3289 472,3289"/>
        </pc:Border>
        <pc:ReadingOrder>
            <pc:OrderedGroup id="reading-order">
                <pc:RegionRefIndexed index="0" regionRef="region_id_0"/><pc:RegionRefIndexed index="1" regionRef="region_id_1"/><pc:RegionRefIndexed index="2" regionRef="region_id_2"/><pc:RegionRefIndexed index="3" regionRef="region_id_3"/><pc:RegionRefIndexed index="4" regionRef="region_id_4"/><pc:RegionRefIndexed index="5" regionRef="region_id_5"/><pc:RegionRefIndexed index="6" regionRef="region_id_6"/><pc:RegionRefIndexed index="7" regionRef="region_id_7"/><pc:RegionRefIndexed index="8" regionRef="region_id_8"/><pc:RegionRefIndexed index="9" regionRef="region_id_9"/><pc:RegionRefIndexed index="10" regionRef="region_id_10"/><pc:RegionRefIndexed index="11" regionRef="region_id_11"/><pc:RegionRefIndexed index="12" regionRef="region_id_12"/><pc:RegionRefIndexed index="13" regionRef="region_id_13"/></pc:OrderedGroup>
        </pc:ReadingOrder>
        <pc:TextRegion id="region_id_0" type="paragraph"><pc:Coords points="442,158 442,268 590,268 590,158 442,158"/><pc:TextLine id="region_id_0_line0000"><pc:Coords points="442,158 442,268 590,268 590,158 442,158"/><pc:TextEquiv conf="0.9654474258422852"><pc:Unicode>86</pc:Unicode></pc:TextEquiv></pc:TextLine><pc:TextEquiv><pc:Unicode>86</pc:Unicode></pc:TextEquiv></pc:TextRegion><pc:TextRegion id="region_id_1" type="header"><pc:Coords points="720,152 720,281 2349,281 2349,152 720,152"/><pc:TextLine id="region_id_1_line0000"><pc:Coords points="720,152 720,281 2349,281 2349,152 720,152"/><pc:TextEquiv conf="0.9873477220535278"><pc:Unicode>Buch. M Cap. Regeln des Grundbaſſes.</pc:Unicode></pc:TextEquiv></pc:TextLine><pc:TextEquiv><pc:Unicode>II Buch. VI Cap. Regeln des Grundbaſſes.</pc:Unicode></pc:TextEquiv></pc:TextRegion><pc:TextRegion id="region_id_2" type="heading"><pc:Coords points="1248,300 1248,436 1847,436 1847,300 1248,300"/><pc:TextLine id="region_id_2_line0000"><pc:Coords points="1248,300 1248,436 1847,436 1847,300 1248,300"/><pc:TextEquiv conf="0.9988008737564087"><pc:Unicode>Dritte Regel.</pc:Unicode></pc:TextEquiv></pc:TextLine><pc:TextEquiv><pc:Unicode>Dritte Regel.</pc:Unicode></pc:TextEquiv></pc:TextRegion><pc:TextRegion id="region_id_3" type="paragraph"><pc:Coords points="455,449 455,822 2658,822 2658,449 455,449"/><pc:TextLine id="region_id_3_line0000"><pc:Coords points="455,449 455,822 2658,822 2658,449 455,449"/><pc:TextEquiv conf="0.9934271574020386"><pc:Unicode>Wenn in dem Grundbaſſe eine toniſche Note iſt, und ſolche Se⸗</pc:Unicode></pc:TextEquiv></pc:TextLine><pc:TextLine id="region_id_3_line0001"><pc:Coords points="455,449 455,822 2658,822 2658,449 455,449"/><pc:TextEquiv conf="0.9994072318077087"><pc:Unicode>cundenweiſe auf eine andre Note hinaufſteiget: ſo muß dieſe Note</pc:Unicode></pc:TextEquiv></pc:TextLine><pc:TextLine id="region_id_3_line0002"><pc:Coords points="455,449 455,822 2658,822 2658,449 455,449"/><pc:TextEquiv conf="0.9934564828872681"><pc:Unicode>eine toniſche Dominante oder eine ſimple Dominante ſeyn §.</pc:Unicode></pc:TextEquiv></pc:TextLine><pc:TextLine id="region_id_3_line0003"><pc:Coords points="455,449 455,822 2658,822 2658,449 455,449"/><pc:TextEquiv conf="0.9257959723472595"><pc:Unicode>10. 102.) 9). Siehe Anmerkung (42).</pc:Unicode></pc:TextEquiv></pc:TextLine><pc:TextEquiv><pc:Unicode>Wenn in dem Grundbaſſe eine toniſche Note iſt, und ſolche Se⸗
cundenweiſe auf eine andre Note hinaufſteiget: ſo muß dieſe Note
eine toniſche Dominante oder eine ſimple Dominante ſeyn (§.
101. 102.) [fn_oo)]. Siehe Anmerkung (42).</pc:Unicode></pc:TextEquiv></pc:TextRegion><pc:TextRegion id="region_id_4" type="heading"><pc:Coords points="1164,841 1164,983 1943,983 1943,841 1164,841"/><pc:TextLine id="region_id_4_line0000"><pc:Coords points="1164,841 1164,983 1943,983 1943,841 1164,841"/><pc:TextEquiv conf="0.9983525276184082"><pc:Unicode>Erſte Anmerkung.</pc:Unicode></pc:TextEquiv></pc:TextLine><pc:TextEquiv><pc:Unicode>Erſte Anmerkung.</pc:Unicode></pc:TextEquiv></pc:TextRegion><pc:TextRegion id="region_id_5" type="paragraph"><pc:Coords points="623,990 623,1614 2697,1614 2697,990 623,990"/><pc:TextLine id="region_id_5_line0000"><pc:Coords points="623,990 623,1614 2697,1614 2697,990 623,990"/><pc:TextEquiv conf="0.9988884329795837"><pc:Unicode>Die Fortſchreitung von einer toniſchen Dominante zu einer</pc:Unicode></pc:TextEquiv></pc:TextLine><pc:TextLine id="region_id_5_line0001"><pc:Coords points="623,990 623,1614 2697,1614 2697,990 623,990"/><pc:TextEquiv conf="0.995459258556366"><pc:Unicode>toniſchen Note heißt eine vollkommene Cadenz (§. 73), und</pc:Unicode></pc:TextEquiv></pc:TextLine><pc:TextLine id="region_id_5_line0002"><pc:Coords points="623,990 623,1614 2697,1614 2697,990 623,990"/><pc:TextEquiv conf="0.9995364546775818"><pc:Unicode>die Fortſchreitung von einer Unterdominante zu einer toniſchen</pc:Unicode></pc:TextEquiv></pc:TextLine><pc:TextLine id="region_id_5_line0003"><pc:Coords points="623,990 623,1614 2697,1614 2697,990 623,990"/><pc:TextEquiv conf="0.9988959431648254"><pc:Unicode>Note heißt eine unvollkommene Cadenz (§.73). Dieſe Ca⸗</pc:Unicode></pc:TextEquiv></pc:TextLine><pc:TextLine id="region_id_5_line0004"><pc:Coords points="623,990 623,1614 2697,1614 2697,990 623,990"/><pc:TextEquiv conf="0.9992192387580872"><pc:Unicode>denzen oder Ruheſtellen kommen wenigſtens von vier zu vier</pc:Unicode></pc:TextEquiv></pc:TextLine><pc:TextLine id="region_id_5_line0005"><pc:Coords points="623,990 623,1614 2697,1614 2697,990 623,990"/><pc:TextEquiv conf="0.9991005063056946"><pc:Unicode>Tacten zum Vorſchein, und die toniſche Note faͤllt allda auf</pc:Unicode></pc:TextEquiv></pc:TextLine><pc:TextLine id="region_id_5_line0006"><pc:Coords points="623,990 623,1614 2697,1614 2697,990 623,990"/><pc:TextEquiv conf="0.9995224475860596"><pc:Unicode>den erſten guten Tacttheil.</pc:Unicode></pc:TextEquiv></pc:TextLine><pc:TextEquiv><pc:Unicode>Die Fortſchreitung von einer toniſchen Dominante zu einer
toniſchen Note heißt eine vollkommene Cadenz (§. 73), und
die Fortſchreitung von einer Unterdominante zu einer toniſchen
Note heißt eine unvollkommene Cadenz (§.73). Dieſe Ca⸗
denzen oder Ruheſtellen kommen wenigſtens von vier zu vier
Tacten zum Vorſchein, und die toniſche Note faͤllt allda auf
den erſten guten Tacttheil.</pc:Unicode></pc:TextEquiv></pc:TextRegion><pc:TextRegion id="region_id_6" type="heading"><pc:Coords points="1132,1640 1132,1775 1976,1775 1976,1640 1132,1640"/><pc:TextLine id="region_id_6_line0000"><pc:Coords points="1132,1640 1132,1775 1976,1775 1976,1640 1132,1640"/><pc:TextEquiv conf="0.9992288947105408"><pc:Unicode>Zweyte Anmerkung.</pc:Unicode></pc:TextEquiv></pc:TextLine><pc:TextEquiv><pc:Unicode>Zweyte Anmerkung.</pc:Unicode></pc:TextEquiv></pc:TextRegion><pc:TextRegion id="region_id_7" type="paragraph"><pc:Coords points="623,1782 622,2229 2658,2215 2671,1782 623,1782"/><pc:TextLine id="region_id_7_line0000"><pc:Coords points="623,1782 622,2229 2658,2215 2671,1782 623,1782"/><pc:TextEquiv conf="0.9989247918128967"><pc:Unicode>Man muß in dem Grundbaſſe die Syncopation, ſo viel moͤg⸗</pc:Unicode></pc:TextEquiv></pc:TextLine><pc:TextLine id="region_id_7_line0001"><pc:Coords points="623,1782 622,2229 2658,2215 2671,1782 623,1782"/><pc:TextEquiv conf="0.9993367195129395"><pc:Unicode>lich, vermeiden, damit ſich in jedem Tacttheile eine verſchiedene</pc:Unicode></pc:TextEquiv></pc:TextLine><pc:TextLine id="region_id_7_line0002"><pc:Coords points="623,1782 622,2229 2658,2215 2671,1782 623,1782"/><pc:TextEquiv conf="0.9995808601379395"><pc:Unicode>Harmonie entdecke. Unterdeſſen laͤſſet man doch manchesmal</pc:Unicode></pc:TextEquiv></pc:TextLine><pc:TextLine id="region_id_7_line0003"><pc:Coords points="623,1782 622,2229 2658,2215 2671,1782 623,1782"/><pc:TextEquiv conf="0.9931920170783997"><pc:Unicode>den Grundbaß ſyncopiren. Es iſt aber ſolches eine Freyheit,</pc:Unicode></pc:TextEquiv></pc:TextLine><pc:TextLine id="region_id_7_line0004"><pc:Coords points="623,1782 622,2229 2658,2215 2671,1782 623,1782"/><pc:TextEquiv conf="0.966975748538971"><pc:Unicode>die man ſich nimmt rr).</pc:Unicode></pc:TextEquiv></pc:TextLine><pc:TextEquiv><pc:Unicode>Man muß in dem Grundbaſſe die Syncopation, ſo viel moͤg⸗
lich, vermeiden, damit ſich in jedem Tacttheile eine verſchiedene
Harmonie entdecke. Unterdeſſen laͤſſet man doch manchesmal
den Grundbaß ſyncopiren. Es iſt aber ſolches eine Freyheit,
die man ſich nimmt [fn_pp)].</pc:Unicode></pc:TextEquiv></pc:TextRegion><pc:TextRegion id="region_id_8" type="footer"><pc:Coords points="2347,2231 2347,2324 2643,2324 2643,2231 2347,2231"/><pc:TextLine id="region_id_8_line0000"><pc:Coords points="2347,2231 2347,2324 2643,2324 2643,2231 2347,2231"/><pc:TextEquiv conf="0.982195258140564"><pc:Unicode>Sieben⸗</pc:Unicode></pc:TextEquiv></pc:TextLine><pc:TextEquiv><pc:Unicode>Sieben⸗</pc:Unicode></pc:TextEquiv></pc:TextRegion><pc:TextRegion id="region_id_9" type="footnote"><pc:Coords points="385,2317 366,3328 2685,3354 2717,2356 385,2317"/><pc:TextLine id="region_id_9_line0000"><pc:Coords points="385,2317 366,3328 2685,3354 2717,2356 385,2317"/><pc:TextEquiv conf="0.9876530766487122"><pc:Unicode>oo) Man ſiehet hieraus, daß in dem derholet werden, und das erſtemal den</pc:Unicode></pc:TextEquiv></pc:TextLine><pc:TextLine id="region_id_9_line0001"><pc:Coords points="385,2317 366,3328 2685,3354 2717,2356 385,2317"/><pc:TextEquiv conf="0.9873730540275574"><pc:Unicode>Grundbaſſe alle Jntervalle, als die Terz, Accord ce g c, und das andremal den</pc:Unicode></pc:TextEquiv></pc:TextLine><pc:TextLine id="region_id_9_line0002"><pc:Coords points="385,2317 366,3328 2685,3354 2717,2356 385,2317"/><pc:TextEquiv conf="0.9951083064079285"><pc:Unicode>Quinte und Secunde ſtatt finden, ausge⸗ Septimenaccord ceg b, uͤber ſich haben.</pc:Unicode></pc:TextEquiv></pc:TextLine><pc:TextLine id="region_id_9_line0003"><pc:Coords points="385,2317 366,3328 2685,3354 2717,2356 385,2317"/><pc:TextEquiv conf="0.9987583756446838"><pc:Unicode>nommen die Secunde im Herabſteigen. Es kann ſelbige ebenfalls das erſtemal</pc:Unicode></pc:TextEquiv></pc:TextLine><pc:TextLine id="region_id_9_line0004"><pc:Coords points="385,2317 366,3328 2685,3354 2717,2356 385,2317"/><pc:TextEquiv conf="0.9865046143531799"><pc:Unicode>Man erlaubet ſich ſolches gleichwohl un⸗ die Harmonie von c e g c, und das</pc:Unicode></pc:TextEquiv></pc:TextLine><pc:TextLine id="region_id_9_line0005"><pc:Coords points="385,2317 366,3328 2685,3354 2717,2356 385,2317"/><pc:TextEquiv conf="0.9824855923652649"><pc:Unicode>terweilen. Wir werden im IX Capitel zweytemal den Accord c e g a erhalten.</pc:Unicode></pc:TextEquiv></pc:TextLine><pc:TextLine id="region_id_9_line0006"><pc:Coords points="385,2317 366,3328 2685,3354 2717,2356 385,2317"/><pc:TextEquiv conf="0.9967569708824158"><pc:Unicode>davon ſprechen. Eine toniſche Dominante, oder auch eine</pc:Unicode></pc:TextEquiv></pc:TextLine><pc:TextLine id="region_id_9_line0007"><pc:Coords points="385,2317 366,3328 2685,3354 2717,2356 385,2317"/><pc:TextEquiv conf="0.9922890067100525"><pc:Unicode>pp) Es giebt Noten, die man unter ſimple Dominante kann unterweilen auf ei⸗</pc:Unicode></pc:TextEquiv></pc:TextLine><pc:TextLine id="region_id_9_line0008"><pc:Coords points="385,2317 366,3328 2685,3354 2717,2356 385,2317"/><pc:TextEquiv conf="0.9949734210968018"><pc:Unicode>verſchiedenen Harmonien in dem Grund⸗ ne falſche Quinte herabgehen. Zum Exem⸗</pc:Unicode></pc:TextEquiv></pc:TextLine><pc:TextLine id="region_id_9_line0009"><pc:Coords points="385,2317 366,3328 2685,3354 2717,2356 385,2317"/><pc:TextEquiv conf="0.9897229671478271"><pc:Unicode>baſſe oͤfters wiederholen kann. Zum pel, die Dominante f, die den Accord</pc:Unicode></pc:TextEquiv></pc:TextLine><pc:TextLine id="region_id_9_line0010"><pc:Coords points="385,2317 366,3328 2685,3354 2717,2356 385,2317"/><pc:TextEquiv conf="0.9874506592750549"><pc:Unicode>Exempel, die toniſche Note c kann wie⸗ f a c e uͤber ſich hat, kann hernach</pc:Unicode></pc:TextEquiv></pc:TextLine><pc:TextLine id="region_id_9_line0011"><pc:Coords points="385,2317 366,3328 2685,3354 2717,2356 385,2317"/><pc:TextEquiv conf="0.911278486251831"><pc:Unicode>den</pc:Unicode></pc:TextEquiv></pc:TextLine><pc:TextEquiv><pc:Unicode>oo) Man ſiehet hieraus, daß in dem derholet werden, und das erſtemal den
Grundbaſſe alle Jntervalle, als die Terz, Accord ce g c, und das andremal den
Quinte und Secunde ſtatt finden, ausge⸗ Septimenaccord ceg b, uͤber ſich haben.
nommen die Secunde im Herabſteigen. Es kann ſelbige ebenfalls das erſtemal
Man erlaubet ſich ſolches gleichwohl un⸗ die Harmonie von c e g c, und das
terweilen. Wir werden im IX Capitel zweytemal den Accord c e g a erhalten.
davon ſprechen. Eine toniſche Dominante, oder auch eine
pp) Es giebt Noten, die man unter ſimple Dominante kann unterweilen auf ei⸗
verſchiedenen Harmonien in dem Grund⸗ ne falſche Quinte herabgehen. Zum Exem⸗
baſſe oͤfters wiederholen kann. Zum pel, die Dominante f, die den Accord
Exempel, die toniſche Note c kann wie⸗ f a c e uͤber ſich hat, kann hernach
den</pc:Unicode></pc:TextEquiv></pc:TextRegion><pc:TextRegion id="region_id_10" type="paragraph"><pc:Coords points="468,2361 462,2916 1531,2903 1538,2368 468,2361"/><pc:TextLine id="region_id_10_line0000"><pc:Coords points="468,2361 462,2916 1531,2903 1538,2368 468,2361"/><pc:TextEquiv conf="0.974131166934967"><pc:Unicode>oo) Man ſiehet hieraus, daß in dem</pc:Unicode></pc:TextEquiv></pc:TextLine><pc:TextLine id="region_id_10_line0001"><pc:Coords points="468,2361 462,2916 1531,2903 1538,2368 468,2361"/><pc:TextEquiv conf="0.9954046010971069"><pc:Unicode>Grundbaſſe alle Jntervalle, als die Terz,</pc:Unicode></pc:TextEquiv></pc:TextLine><pc:TextLine id="region_id_10_line0002"><pc:Coords points="468,2361 462,2916 1531,2903 1538,2368 468,2361"/><pc:TextEquiv conf="0.9871532917022705"><pc:Unicode>Quinte und Secunde ſtatt finden, ausge⸗</pc:Unicode></pc:TextEquiv></pc:TextLine><pc:TextLine id="region_id_10_line0003"><pc:Coords points="468,2361 462,2916 1531,2903 1538,2368 468,2361"/><pc:TextEquiv conf="0.9983790516853333"><pc:Unicode>nommen die Secunde im Herabſteigen.</pc:Unicode></pc:TextEquiv></pc:TextLine><pc:TextLine id="region_id_10_line0004"><pc:Coords points="468,2361 462,2916 1531,2903 1538,2368 468,2361"/><pc:TextEquiv conf="0.9972248077392578"><pc:Unicode>Man erlaubet ſich ſolches gleichwohl un⸗</pc:Unicode></pc:TextEquiv></pc:TextLine><pc:TextLine id="region_id_10_line0005"><pc:Coords points="468,2361 462,2916 1531,2903 1538,2368 468,2361"/><pc:TextEquiv conf="0.9871132969856262"><pc:Unicode>terweilen. Wir werden im IX Capitel</pc:Unicode></pc:TextEquiv></pc:TextLine><pc:TextLine id="region_id_10_line0006"><pc:Coords points="468,2361 462,2916 1531,2903 1538,2368 468,2361"/><pc:TextEquiv conf="0.9916938543319702"><pc:Unicode>davon ſprechen.</pc:Unicode></pc:TextEquiv></pc:TextLine><pc:TextEquiv><pc:Unicode>[fn_oo)] Man ſiehet hieraus, daß in dem
Grundbaſſe alle Jntervalle, als die Terz,
Quinte und Secunde ſtatt finden, ausge⸗
nommen die Secunde im Herabſteigen.
Man erlaubet ſich ſolches gleichwohl un⸗
terweilen. Wir werden im IX Capitel
davon ſprechen.</pc:Unicode></pc:TextEquiv></pc:TextRegion><pc:TextRegion id="region_id_11" type="paragraph"><pc:Coords points="462,3238 462,2912 1548,2912 1548,3238 462,3238"/><pc:TextLine id="region_id_11_line0000"><pc:Coords points="462,3238 462,2912 1548,2912 1548,3238 462,3238"/><pc:TextEquiv conf="0.9929995536804199"><pc:Unicode>pp) Es giebt Noten, die man unter</pc:Unicode></pc:TextEquiv></pc:TextLine><pc:TextLine id="region_id_11_line0001"><pc:Coords points="462,3238 462,2912 1548,2912 1548,3238 462,3238"/><pc:TextEquiv conf="0.9940904378890991"><pc:Unicode>verſchiedenen Harmonien in dem Grund⸗</pc:Unicode></pc:TextEquiv></pc:TextLine><pc:TextLine id="region_id_11_line0002"><pc:Coords points="462,3238 462,2912 1548,2912 1548,3238 462,3238"/><pc:TextEquiv conf="0.9875439405441284"><pc:Unicode>baſſe oͤfters wiederholen kann. Zum</pc:Unicode></pc:TextEquiv></pc:TextLine><pc:TextLine id="region_id_11_line0003"><pc:Coords points="462,3238 462,2912 1548,2912 1548,3238 462,3238"/><pc:TextEquiv conf="0.9889062643051147"><pc:Unicode>Exempel, die toniſche Note c kann wie⸗</pc:Unicode></pc:TextEquiv></pc:TextLine><pc:TextEquiv><pc:Unicode>[fn_pp)] Es giebt Noten, die man unter
verſchiedenen Harmonien in dem Grund⸗
baſſe oͤfters wiederholen kann. Zum
Exempel, die toniſche Note c kann wie⸗</pc:Unicode></pc:TextEquiv></pc:TextRegion><pc:TextRegion id="region_id_12" type="paragraph"><pc:Coords points="1576,3230 1576,2365 2649,2365 2649,3230 1576,3230"/><pc:TextLine id="region_id_12_line0000"><pc:Coords points="1576,3230 1576,2365 2649,2365 2649,3230 1576,3230"/><pc:TextEquiv conf="0.9925895929336548"><pc:Unicode>derholet werden, und das erſtemal den</pc:Unicode></pc:TextEquiv></pc:TextLine><pc:TextLine id="region_id_12_line0001"><pc:Coords points="1576,3230 1576,2365 2649,2365 2649,3230 1576,3230"/><pc:TextEquiv conf="0.964981734752655"><pc:Unicode>Accord c e g c, und das andremal den</pc:Unicode></pc:TextEquiv></pc:TextLine><pc:TextLine id="region_id_12_line0002"><pc:Coords points="1576,3230 1576,2365 2649,2365 2649,3230 1576,3230"/><pc:TextEquiv conf="0.996065080165863"><pc:Unicode>Septimenaccord ceg b, uͤber ſich haben.</pc:Unicode></pc:TextEquiv></pc:TextLine><pc:TextLine id="region_id_12_line0003"><pc:Coords points="1576,3230 1576,2365 2649,2365 2649,3230 1576,3230"/><pc:TextEquiv conf="0.9996421933174133"><pc:Unicode>Es kann ſelbige ebenfalls das erſtemal</pc:Unicode></pc:TextEquiv></pc:TextLine><pc:TextLine id="region_id_12_line0004"><pc:Coords points="1576,3230 1576,2365 2649,2365 2649,3230 1576,3230"/><pc:TextEquiv conf="0.9658792018890381"><pc:Unicode>die Harmonie von c g c, und das</pc:Unicode></pc:TextEquiv></pc:TextLine><pc:TextLine id="region_id_12_line0005"><pc:Coords points="1576,3230 1576,2365 2649,2365 2649,3230 1576,3230"/><pc:TextEquiv conf="0.9610016345977783"><pc:Unicode>zweytemal den Accord c e g a erhalten.</pc:Unicode></pc:TextEquiv></pc:TextLine><pc:TextLine id="region_id_12_line0006"><pc:Coords points="1576,3230 1576,2365 2649,2365 2649,3230 1576,3230"/><pc:TextEquiv conf="0.9994301199913025"><pc:Unicode>Eine toniſche Dominante, oder auch eine</pc:Unicode></pc:TextEquiv></pc:TextLine><pc:TextLine id="region_id_12_line0007"><pc:Coords points="1576,3230 1576,2365 2649,2365 2649,3230 1576,3230"/><pc:TextEquiv conf="0.996628999710083"><pc:Unicode>ſimple Dominante kann unterweilen auf ei⸗</pc:Unicode></pc:TextEquiv></pc:TextLine><pc:TextLine id="region_id_12_line0008"><pc:Coords points="1576,3230 1576,2365 2649,2365 2649,3230 1576,3230"/><pc:TextEquiv conf="0.9991775155067444"><pc:Unicode>ne falſche Quinte herabgehen. Zum Exem⸗</pc:Unicode></pc:TextEquiv></pc:TextLine><pc:TextLine id="region_id_12_line0009"><pc:Coords points="1576,3230 1576,2365 2649,2365 2649,3230 1576,3230"/><pc:TextEquiv conf="0.9897080659866333"><pc:Unicode>pel, die Dominante f, die den Accord</pc:Unicode></pc:TextEquiv></pc:TextLine><pc:TextLine id="region_id_12_line0010"><pc:Coords points="1576,3230 1576,2365 2649,2365 2649,3230 1576,3230"/><pc:TextEquiv conf="0.9735804796218872"><pc:Unicode>f ac e uͤber ſich hat, kann hernach</pc:Unicode></pc:TextEquiv></pc:TextLine><pc:TextEquiv><pc:Unicode>derholet werden, und das erſtemal den
Accord c e g c, und das andremal den
Septimenaccord c e g b, uͤber ſich haben.
Es kann ſelbige ebenfalls das erſtemal
die Harmonie von c e g c, und das
zweytemal den Accord c e g a erhalten.
Eine toniſche Dominante, oder auch eine
ſimple Dominante kann unterweilen auf ei⸗
ne falſche Quinte herabgehen. Zum Exem⸗
pel, die Dominante f, die den Accord
f a c e uͤber ſich hat, kann hernach</pc:Unicode></pc:TextEquiv></pc:TextRegion><pc:TextRegion id="region_id_13" type="footer"><pc:Coords points="2541,3297 2533,3235 2639,3239 2640,3298 2541,3297"/><pc:TextLine id="region_id_13_line0000"><pc:Coords points="2541,3297 2533,3235 2639,3239 2640,3298 2541,3297"/><pc:TextEquiv conf="0.9998661875724792"><pc:Unicode>den</pc:Unicode></pc:TextEquiv></pc:TextLine><pc:TextEquiv><pc:Unicode>den</pc:Unicode></pc:TextEquiv></pc:TextRegion></pc:Page>
</pc:PcGts>