2973 3700
480 201 560 250 22
1053 177 2086 295 1Buch VCap. Von der
489 298 2660 435 ſang, und derjenige iſt, der das Ohr anfuͤhret, und welchen ſich dieſes
485 421 2648 523 im dem diatoniſchen Geſange h, c, d, e, f, g, a vorſtellet ).
1438 555 1686 640 §. 46.
502 633 2656 766 Dieſe Wahrheit wird durch folgende Anmerkungen noch mehr
477 739 2578 815 Licht erhalten.
518 829 2662 929 Jn dem Geſange: h, c, d, e, f, g, a, machen die Toͤne d und f
472 921 2653 1020 eine kleine Terz unter ſich, die aber nicht ſo rein, als e und g iſt n).
474 1006 2653 1104 Gleichwohl faͤllt dieſe Alteration der kleinen Terz d: f dem Gehoͤre
477 1094 2655 1190 nicht verdruͤßlich, weil dieſes d und f, ob ſie ſchou keine reine kleine
472 1188 2652 1281 Terz unter ſich machen, dennoch, ein jeder Ton beſonders betrachtet,
2518 1281 2655 1357 voll⸗
551 1390 2651 1470 h Es iſt nichts leichter, als den nu⸗ Man erhaͤlt hierdiurch folgende mit ih⸗
471 1476 2649 1551 meriſchen Werth der Toͤne dieſer Leiter in rem numeriſchen Werthe bezeichnete Ta⸗
469 1555 2635 1623 Anſehung des Tons c, den wir 1 heißen, zu belle.
470 1630 2633 1711 finden; denn die Toͤne g und f aus dem Diatoniſche Tonleiter.
468 1712 2486 1795 Baſſe ſind 4 und 3. Hieraus folget: 2243
549 1790 2461 1872 1) Daß das c aus der Leiter die Ober⸗hcde fgga
628 1863 2462 1948 octave von c aus dem Baſſe, und Grundbaß. g cg c fc f
468 1942 2448 2019 alſo 2 iſt.11117
545 2019 2651 2135 2) Daß h die große Terz von g, das Wenn man zur Bequemlichkeit des
628 2097 2529 2205 iſt, 4 aus 4 (nach dei An⸗1l'd Tsde Tl
561 2159 2647 2253 merk. d) und folglich iſt alcun, den Ton c aus der Tonleiter 1
531 2224 2648 2334 ) Daß d die Quinte von g d8q nennen will, ſo brauchet man alsdenn nur
544 2280 2649 2407 sdfll'ch ſt die die Tonleiter abbildende Zahleut
540 2344 2625 2453 1aas2, und ſolsio Lit. i i . , u?r nr
547 2419 2512 2527 4) Daß e die große Terz von der 121*4
623 2491 2520 2613 Octave c, und folglich noch einmalh
623 2555 2621 2646 ſo viel als 4, das iſt iſt.ycoefga
548 2651 2644 2731 5) Daß f die Doppeloctave von dem m) Um das d mit dem f zu verglei⸗
627 2732 2646 2809 f aus dem Baſſe, und folglich chen, darf man nur Z und gegen ein⸗
480 2812 2644 2885 iſt. ander halten. Die Proportion dieſer
546 2888 2643 2966 6) Daß g aus der Leiter die Octave Bruͤche (Anmerk. d) wird ſeyn, wie
625 2972 2641 3045 von g aus dem Baſſe, und folg⸗ 9 mal 3 gegen 8 mal 4, das iſt, wie 27
626 3048 2653 3124 lich 3 iſt. gegen 32. Folglich iſt die kleine Terz d: f
469 3127 2639 3204 7) Daß endlich a aus der Leiter die nicht rein, weil die Ration 27: 32 mit
470 3205 2642 3280 große Terz von f aus der Leiter, der Ration 5: 6 nicht einerley iſt, (An⸗
505 3284 2640 3362 d. i. aus oder iſt. merk. g und die Differenz iſt wie 8i :80.
551 1390 1527 1465 h Es iſt nichts leichter, als den nu⸗
471 1476 1537 1539 meriſchen Werth der Toͤne dieſer Leiter in
469 1555 1526 1623 Anſehung des Tons c, den wir 1 heißen, zu
470 1630 1527 1707 finden; denn die Toͤne g und f aus dem
468 1712 1445 1772 Baſſe ſind 4 und 4. Hieraus folget:
549 1797 1527 1861 1) Daß das c aus der Leiter die Ober⸗
628 1867 1522 1938 octave von c aus dem Baſſe, und
633 1942 982 2012 alſo 2 iſt.
545 2019 1527 2104 2) Daß h die große Terz von g, das
561 2097 1524 2176 iſt, 4 aus 4 (nach der An⸗
627 2177 1401 2253 merk. d) und folglich iſt.
531 2259 1524 2334 3) Daß d die Quinte von g, das iſt,
540 2338 1357 2409 aus, und folglich iſt.
547 2419 1524 2492 4) Daß e die große Terz von der
623 2497 1525 2568 Octave c, und folglich noch einmal
623 2573 1307 2643 ſo viel als , das iſt iſt.
548 2651 1526 2729 5) Daß f die Doppeloctave von dem
627 2732 1526 2809 f aus dem Baſſe, und folglich
546 2891 1526 2966 6) Daß g aus der Leiter die Oetave
625 2972 1526 3045 von g aus dem Baſſe, und folg⸗
502 3047 1428 3116 lich 3 iſt.
544 3127 1521 3204 7) Daß endlich a aus der Leiter die
628 3205 1519 3280 große Terz von f aus der Leiter,
505 3284 1300 3360 d. i. aus oder iſt.
1672 1397 2651 1470 Man erhaͤlt hierdirch folgende mit ih⸗
1594 1482 2649 1551 rem numeriſchen Werthe bezeichnete Ta⸗
1593 1558 2635 1615 belle.
1769 1631 2466 1706 Diatoniſche Tonleiter.
1592 1844 1913 1942 Grundbaß.
1669 2065 2651 2135 Wenn man, zur Bequemlichkeit des
1591 2145 2647 2213 Calculi, den Ton c aus der Tonleiter 1
1591 2224 2648 2296 nennen will, ſo brauchet man alsdenn nur
1591 2304 2649 2374 die die Tonleiter abbildende Zahlen mit
1591 2382 2625 2453 2 zu dividiren, und man erhaͤlt:
1670 2656 2644 2731 m) Um das d mit dem f zu verglei⸗
1592 2732 2646 2807 chen, darf man nur ? und gegen ein⸗
1591 2814 2644 2885 ander halten. Die Proportion dieſer
1590 2888 2643 2966 Bruͤche (Anmerk. d) wird ſeyn, wie
1590 2972 2641 3043 9 mal 3 gegen 8 mal 4, das iſt, wie 27
1587 3050 2653 3124 gegen 32. Folglich iſt die kleine Terz d: f
1585 3131 2639 3200 nicht rein, weil die Ration 27: 32 mit
1583 3208 2642 3279 der Ration 5: 6 nicht einerley iſt, (An⸗
1583 3284 2640 3362 merk. g und die Differenz iſt wie 81 :80.
