2973 3707
424 185 534 288 42
728 172 2346 282 IBuch. IX Cap. Von der kleinen Tonart.
411 314 2650 599 auf einander folgen koͤnnen, weil das a des zweyten Accords nicht
411 314 2650 599 auf c folgen kann? Wie reimt ſich dieſes zuſammen? Es verſtehet
411 314 2650 599 ſich diefes auf folgende Art.
444 586 2657 1505 Jn der Folge der beyden Accorde c, e, g, c und d, fis, a, d,
444 586 2657 1505 machet das a, weil es nothwendig die Quinte von d iſt, gegen das
444 586 2657 1505 e eine ſehr alterirte kleine Terz, wie wir geſehen haben, und dieſe Al
444 586 2657 1505 teration iſt Schuld, daß das Ohr Muͤhe hat, dieſe Folge mit Vergnuͤ⸗
444 586 2657 1505 gen zu vernehmen. Hingegen in der Folge der Accorde c, &, g, C
444 586 2657 1505 und a, e, e, , ſtellen uns die mit a verbundenen Toͤne c und e dieſes a
444 586 2657 1505 als eine reine kleine Terz von e vor, wodurch alsdenn das zugleich
444 586 2657 1505 befriedigte und durch die den beyden Accorden gemeine Toͤne c und e,
444 586 2657 1505 hintergangene Ohr, von ſelbſt den Mangel des Tons a gleichſam er⸗
444 586 2657 1505 ſetzt, und denſelben zu einer reinen kleinen Terz machet.
1020 1544 2042 1667 Zweyter Einwurf.
437 1673 2651 2307 Wir haben bemerket, (I. Cap.) daß, indem c, e,g die große Ton⸗
437 1673 2651 2307 art giebet, die Toͤne f, as, c die kleine Tonart geben. Gleichwohl hat
437 1673 2651 2307 die Tonart f, as, c keine Aehnlichkeit mit dem Tone c; und uͤber⸗
437 1673 2651 2307 dieſes hat es das Anſehen, als wenn wir die Tonart f, as, c ſelber
437 1673 2651 2307 verlaßen, um die aus a, c, e, die die Natur nicht giebet, an ihre Stel⸗
437 1673 2651 2307 le zu ſetzen. Wir beantworten dieſe beyde Anmerkungen folgender⸗
437 1673 2651 2307 geſtalt.
553 2294 2637 3284 1) Die kleine Tonart f iſt von der großen Tonart c nicht ſo ſehr
553 2294 2637 3284 entfernt, als man wohl glaubt. Es iſt ſehr moͤglich, zween Ge⸗
553 2294 2637 3284 ſaͤnge, einen ausc dur, und den andern aus f mol, unmittel⸗
553 2294 2637 3284 bar und auf eine das Ohr ergetzende Art, hinter einander folgen
553 2294 2637 3284 zu laßen. Der Hr. Rameau hat ſolches in der Oper Pygma⸗
553 2294 2637 3284 lion, in einer auf ein Rigaudon folgenden Sarabande, bewieſen.
553 2294 2637 3284 2) Die Natur thut nichts anders, als daß ſie uns vermittelſt der
553 2294 2637 3284 Erzitterung der Seyten f und as, oder vielmehr der Octaven
553 2294 2637 3284 derſelben, die kleine Tonart anzeiget; aber durch die Art, als
553 2294 2637 3284 dieſe Seyten erzittern, fuͤhret ſie uns, ſo viel als moͤglich, zu
553 2294 2637 3284 dem Tone c zuruͤck, wie wir ſchon beobachtet haben, und zwar
2437 3287 2653 3372 derge⸗
