2973 3690
429 145 597 261 102
893 139 2175 287 n Buch. IX Cap. Den Grundbaß
520 306 2632 2297 4) Jede mit 7, oder 7 und 3, oder 7 und 5, bezeichnete Note bleibet
520 306 2632 2297 eben dieſelbe in dem Grundbaſſe.
520 306 2632 2297 5) Von einer mit 6 und 5, ingleichen
520 306 2632 2297 6) Von einer mit 6, 4 und 3, oder ſchlechtweg mit 4 und 3 bezif⸗
520 306 2632 2297 ferten Generalbaßnote wird in der auf dieſe Regeln folgenden
520 306 2632 2297 Anmerkung §. 228 gehandelt werden.
520 306 2632 2297 7) Jede mit 2, oder 4 und 2, oder 6, 4 und 2 bezifferte Note hat
520 306 2632 2297 die Unterſeptime oder die Oberſecunde zu ihrem Grundbaſſe, und
520 306 2632 2297 die Septime zur Harmonie.
520 306 2632 2297 8) Jede mit 9, oder 9 und 7 bezeichnete Note hat die Oberterz
520 306 2632 2297 zum Grundbaſſe, und die Septime zur Harmonie.
520 306 2632 2297 9) Jede mit 9, 7, 4, oder 9 und 4, oder 7 und 4, oder 5 und 4,
520 306 2632 2297 oder mit der bloſſen 4 bezifferte Note hat die Oberquinte, mit
520 306 2632 2297 der Harmonie der Septime, zum Grundbaſſe.
520 306 2632 2297 10) Jede mit 9, 5tt und 4 beziſferte Note hat die uͤbermaͤßige
520 306 2632 2297 Oberquinte, mit der Harmonie der verminderten Septime, zum
520 306 2632 2297 Grundbaſſe.
520 306 2632 2297 n) Jede mit 74t und 6 bezifferte Note hat die kleine Unterſe⸗
520 306 2632 2297 cunde, mit der Harmonie der verminderten Septime, zum Grund⸗
520 306 2632 2297 baſſe ).
1164 2239 1866 2387 Anmerkung.
1376 2400 1692 2516 §. 228.
423 2509 2638 2709 Wir ſind zween Faͤlle uͤbergangen, die einige Ungewißheit verur⸗
423 2509 2638 2709 ſachen koͤnnen.
2465 2696 2606 2806 Der
423 2825 2626 3263 ii) Wir ſupponiren hier einen/ auf ſpieler oͤfters in Verlegenheit ſetzet. Man
423 2825 2626 3263 dieſe Weiſe bezifferten Generalbaß. Denn ſehe davon den vom Herrn ouſſeau
423 2825 2626 3263 es iſt wohl zu merken, daß in der Art der zu Genf ausgearbeiteten Artikel Ciiffrer
423 2825 2626 3263 Bezifferung wenig Muſici uͤbereinkom⸗ in dem 3 Bande der Encyelopedie.
423 2825 2626 3263 men, welches den Begleiter oder Grund⸗
448 2831 1511 3244 iii) Wir ſupponiren hier einen/ auf
448 2831 1511 3244 dieſe Weiſe bezifferten Generalbaß. Denn
448 2831 1511 3244 es iſt wohl zu merken, daß in der Art der
448 2831 1511 3244 Bezifferung wenig Muſici uͤbereinkom⸗
448 2831 1511 3244 men, welches den Begleiter oder Grund⸗
1537 2831 2619 3153 ſpieler oͤfters in Verlegenheit ſetzet. Man
1537 2831 2619 3153 ſehe davon den vom Herrn Rouſſeau
1537 2831 2619 3153 zu Genf ausgearbeiteten Artikel Cliffrer
1537 2831 2619 3153 in dem 3 Bande der Encyclopedie.
