2973 3582
2361 166 2523 266 o9
416 416 2505 816 Dreyzehntes Capitel.
416 416 2505 816 Den Grundbaß zu einem gegebenen Geſange
416 416 2505 816 zu finden.
1317 848 1611 960 §. 238.
394 966 615 1218 D
398 979 2543 1430 a wir die Regeln des Grundbaſſes, und die, welche die Ober⸗
398 979 2543 1430 ſtimme in Anſehung dieſes Baſſes zu beobachten hat, auf eine
398 979 2543 1430 ſehr geringe Anzahl eingeſchraͤnket haben: ſo wird es keine
398 979 2543 1430 Schwierigkeit mehr ſetzen, den Grundbaß zu einem gegebenen Geſange,
398 979 2543 1430 ja ofters mehr als einen dazu zu finden. Denn jeder Grundbaß
367 1523 2618 3249 d in c, h in a, und ſo weiter verwan⸗ Fuͤnf Been, als b, es, as, des,
367 1523 2618 3249 delt. und ges, bezeichnen des dur, oder b
367 1523 2618 3249 Drey Kreuze, fis, cis und gis, be⸗ moll. Das ges wird zu f, das des
367 1523 2618 3249 zeichnen entweder a dur oder fis moll. zu c, u. ſ. w.
367 1523 2618 3249 Gis, als das letzte Kreuz, veraͤndert Vier Been, als b, es, as, und
367 1523 2618 3249 ſich alsdenn in h, und folglich a in c, des, bezeichnen as dur, oder f moll.
367 1523 2618 3249 und fis in a, u. ſ. w. Des wird zu f, as zu c, u. ſ.w.
367 1523 2618 3249 Vier Kreuze, fis, cis, gis und dis, Drey Been, als b, es, und as
367 1523 2618 3249 bezeichnen entweder e dur oder cis moll. bezeichnen es dur oder c moll.
367 1523 2618 3249 Das dis wird zu h, das e zu c,u. ſ.w. As wird zu f, es zu c, u.ſ. w.
367 1523 2618 3249 Fuͤnf Kreuze, fis, cis, gis, dis Zwey Been, als b und es bezeich⸗
367 1523 2618 3249 und ais, bezeichnen entweder h dur nen b dur oder g moll. Es wird zu
367 1523 2618 3249 oder gis moll. Das ais wird zu h, f, b zu c, u. ſ.w.
367 1523 2618 3249 das h zu c, u.ſ.w. Ein Be, als b, bezeichnet f dur
367 1523 2618 3249 Sechs Kreuze, fis, cis, gis, oder d moll. Aus b wird f, aus f
367 1523 2618 3249 dis, ais und eis, bezeichnen entweder wird c, u. ſ. w.
367 1523 2618 3249 fis dur oder dis moll. Das eis wird Alle große Tonarten koͤnnen alſo auf
367 1523 2618 3249 zu h, das fis zu c, u. ſ. w. c dur, und alle kleine Tonarten auf a
367 1523 2618 3249 Sechs Been, b, es, as, des, moll reduciret werden.
367 1523 2618 3249 ges und ces, bezeichnen entweder ges Die Methode derjenigen, die ein Kreuz
367 1523 2618 3249 dur oder es moll. Ces wird zu f, oder Be weniger am Schluͤſſel vorzeich⸗
367 1523 2618 3249 es zu a, u. ſ.w. nen
391 1535 1454 1698 h in a, und ſo weier verwan
385 1685 1448 2073 Drey Kreuze, fis, cis und gis, be⸗
385 1685 1448 2073 zeichnen entweder a dur oder fis moll.
385 1685 1448 2073 Gis, als das letzte Kreuz, veraͤndert
385 1685 1448 2073 ſich alsdenn in h, und folglich a in c,
385 1685 1448 2073 und fis in a, u. ſ. w.
391 2067 1429 2304 Vier Kreuze, fis, cis, gis und dis,
391 2067 1429 2304 bezeichnen entweder e dur oder cis moll.
391 2067 1429 2304 Das dis wird zu h, das e zu c,u. ſ.w.
379 2292 1448 2624 Fuͤnf Kreuze, fis, cis, gis, dis
379 2292 1448 2624 und ais, bezeichnen entweder h dur
379 2292 1448 2624 oder gis moll. Das ais wird zu h
379 2292 1448 2624 das h zu c, u. ſ.w.
379 2623 1454 2930 Sechs Kreuze, fis, cis, gis,
379 2623 1454 2930 dis, ais und eis, bezeichnen entweder
379 2623 1454 2930 fis dur oder dis moll. Das eis wird
379 2623 1454 2930 zu h, das fis zu c, u. ſ. w.
385 2923 1442 3236 Sechs Been, b, es, as, des,
385 2923 1442 3236 ges und ces, bezeichnen entweder ges
385 2923 1442 3236 dur oder es moll. Ces wird zu f,
385 2923 1442 3236 es zu a, u. ſ. w.
1473 1542 2561 1854 Fuͤnf Been, als b, es, as, des,
1473 1542 2561 1854 und ges, bezeichnen des dur, oder b
1473 1542 2561 1854 moll. Das ges wird zu f, das des
1473 1542 2561 1854 zu c, u. ſ. w.
1492 1842 2548 2073 Vier Been, als b, es, as, und
1492 1842 2548 2073 des, bezeichnen as dur, oder f moll.
1492 1842 2548 2073 Des wird zu f, as zu c, u. ſ.w.
1486 2073 2542 2304 Drey Been, als b, es, und as
1486 2073 2542 2304 bezeichnen es dur oder c moll.
1486 2073 2542 2304 As wird zu f, es zu c, u. ſ. w.
1492 2304 2542 2536 Zwey Been, als b und es bezeich⸗
1492 2304 2542 2536 nen b dur oder g moll. Es wird zu
1492 2304 2542 2536 f, b zu c, u. ſ.w.
1492 2536 2548 2755 Ein Be, als b, bezeichnet f dur
1492 2536 2548 2755 oder d moll. Aus b wird f, aus f
1492 2536 2548 2755 wird c, u. ſ. w.
1492 2767 2536 2992 .Alle große Tonarten koͤnnen alſo auf
1492 2767 2536 2992 c dur, und alle kleine Tonarten auf a
1492 2767 2536 2992 moll reduciret werden.
1486 2992 2530 3149 Die Metbode derjenigen, die ein Kreuz
1486 2992 2530 3149 oder Be weniger am Schluͤſſel vorzeich⸗
2418 3155 2543 3225 nen
