2973 3648
1129 176 1778 297 der Diſſonanzen.
2415 195 2530 316 57
1314 341 1600 430 §. 124.
346 430 2549 965 Wenn uͤbrigens einer toniſchen Note, d. i. einer Note, die den
346 430 2549 965 vollkommenen Accord uͤber ſich hat, eine Dominante in dem Raume
346 430 2549 965 einer Terz oder Quinte nachfolget: ſo kann man eine ſolche Fort⸗
346 430 2549 965 ſchreitung als die Fortſchreitung von einer toniſchen Note zu einer an⸗
346 430 2549 965 dern, die man aber durch den Zuſatz der Diſſonanz zu einer Domi⸗
346 430 2549 965 nante gemacht hat, anſehen.
339 965 2530 1500 Ueber dieſes haben wir (§. 119. 120.) bemerket, daß die Diſſo⸗
339 965 2530 1500 nanz in den Accorden einer toniſchen Dominante und Unterdominante
339 965 2530 1500 nicht brauchet vorbereitet zu werden; woraus folget, daß jede toniſche
339 965 2530 1500 Note, die den großen Vierklang uͤber ſich hat, in eine toniſche Do⸗
339 965 2530 1500 minante oder in eine Unterdominante veraͤndert werden kann, wenn
339 965 2530 1500 man die Diſſonanz ploͤtzlich hinzufuͤget.
556 1640 2332 1927 Sechzehntes Capitel.
556 1640 2332 1927 Regeln, die Diſſonanzen aufzuloͤſen.
1301 1952 1613 2041 §. 125.
377 2059 652 2294 W
365 2060 2536 2857 ir haben geſehen (Cap. V. und VJ.), wie die der Stimme ſo
365 2060 2536 2857 natuͤrliche diatoniſche Tonleiter, durch die harmoniſchen Toͤ⸗
365 2060 2536 2857 ne des Grundbaſſes formiret wird. Hieraus folget, daß die
365 2060 2536 2857 natuͤrlichſte Folge der harmoniſchen Toͤne diatoniſch ſeyn muß. Wenn
365 2060 2536 2857 man alſo die Diſſonanz einigermaßen zu einem harmoniſchen Tone
365 2060 2536 2857 machen will: ſo muß dieſe Diſſonanz ſich in demjenigen Theile des Ge⸗
365 2060 2536 2857 ſanges, wo ſie ſich befindet, in diatoniſcher Folge, das iſt, einen
365 2060 2536 2857 Grad ab⸗ oder aufwaͤrts zu einer andern Note fortbewegen, und dieſe
365 2060 2536 2857 Note muß eine Conſonanz des folgenden Accords ſeyn.
1308 2857 1601 2946 §. 126.
372 2952 2575 3220 Es muß die Diſſonanz aber vielmehr ab⸗als aufwaͤrts gehen.
372 2952 2575 3220 Die Urſache iſt dieſe. Wir nehmen z. E. den Accord g,h, d, f, und den
372 2952 2575 3220 darauf folgenden c, e,g,c. Die Partie, welche die Diſſonanz f ge⸗
461 3220 2594 3322 Einleit. in die muſic. Setzk. H machet
