2973 3665
469 203 567 284 n6
653 189 2368 272 IIBuch. XIIl Cap. Den Grundbaß in einem ꝛc.
600 348 2618 444 kann ebenfalls dur oder moll ſeyn, nachdem die Terz in dem
657 438 2581 524 Sextquintenaccorde beſchaffen iſt, groß oder klein.
570 589 2615 675 3) Wenn man eine toniſche Dominante findet: ſo iſt man in dem
650 679 2617 759 Tone der Unterquinte von dieſer toniſchen Dominante. Da
655 767 2616 856 aber die Terz in dem Accorde der toniſchen Dominante allezeit
652 855 2617 939 groß iſt: ſo kann man nicht wiſſen, ob man in einem Dur⸗ oder
657 943 2614 1032 Molltone iſt. Dieſes alſo zu erfahren, gebe man auf die Terz
656 1032 2618 1123 des folgenden Accords Acht, die die Beſchaffenheit der Tonart
658 1119 2430 1203 entſcheiden wird.
1420 1278 1690 1361 §. 243.
658 1379 2618 1477 Jede Veraͤnderung des Tons ſetzet eine Cadenz voraus, und
485 1473 2620 1557 wenn die Tonart in dem Grundbaſſe veraͤndert wird: ſo geſchieht ſol⸗
482 1555 2619 1644 ches faſt allezeit entweder nach der toniſchen Note des Tons, worin⸗
484 1649 2617 1734 nen man war, oder nach der toniſchen Dominante dieſes Tons, die
486 1732 2618 1822 unter Beguͤnſtigung einer Cadenz, die ſich nothwendig dabey ereignen
485 1821 2617 1907 muß, alsdenn fuͤr eine toniſche Note angeſehen wird. Daher koͤmmt
484 1911 2617 1999 es, daß die Cadenzen eines Geſanges insgemein eine darauf folgende
485 1990 1608 2076 Veraͤnderung des Tons ankuͤndigen.
1418 2152 1688 2224 §. 244.
472 2256 2614 2342 .Alle dieſe Regeln, mit welchen man eine Kaͤnntniß der oben er⸗
483 2338 2613 2440 klaͤrten Tonarten (§. 234.) verbinden muß, werden hinlaͤnglich ſeyn,
485 2430 2614 2520 die Veraͤnderung eines Tons in der Mitte eines Stuͤcks, beſonders
489 2522 2615 2614 an den weſentlichſten Oertern, z. E. bey Cadenzen, zu erkennen rrr).
2419 2757 2617 2836 Vier⸗
479 2898 2614 2978 ppp) Zween Toͤne ober Tonarten ſind ſind zween Toͤne oder Tonarten deſto we⸗
485 2981 2615 3060 deſto mehr einander verwandt, je mehre⸗ niger einander verwandt, je weniger Toͤ⸗
483 3061 2610 3141 re Toͤne ſolche gemeinſchaftlich baben, z. ne dieſelben gemeinſchaftlich haben, z. E.
469 3138 2412 3226 E. c dur und a moll. Gegentheils c dur und h dur.
479 2898 1510 2978 ppp) Zween Toͤne ober Tonarten ſind
485 2981 1511 3052 deſto mehr einander verwandt, je mehre⸗
483 3061 1510 3132 re Toͤne ſolche gemeinſchaftlich haben, z.
469 3138 1526 3214 E. c dur und a moll. Gegentheils
1588 2905 2614 2977 ſind zween Toͤne oder Tonarten deſto we⸗
1588 2991 2615 3060 niger einander verwandt, je weniger Toͤ⸗
1589 3068 2610 3141 ne dieſelben gemeinſchaftlich haben, z. E.
1589 3143 2412 3215 c dur und h dur.
