2973 3662
450 176 584 298 88
1032 176 2042 285 I Buch. vII Cap. Regeln
949 310 2157 457 Erſte Regel der Oberſtimme.
1415 483 1716 579 §. 200.
439 563 2681 1302 Wenn die Note, die in dem Accorde einer ſimpeln Dominante
439 563 2681 1302 die Septime macht, in der Oberſtimme iſt: ſo muß ſolche in dem vor⸗
439 563 2681 1302 hergehenden Accorde in eben derſelben Stimme als Conſonanz vor⸗
439 563 2681 1302 hergehen. Man nennet dieſes eine Diſſonanz vorbereiten (§. 122).
439 563 2681 1302 Z. E. ſetzet, daß die Grundbaßnote d iſt, und ſolche den Accord d, f,
439 563 2681 1302 a, c, uͤber ſich hat: ſo muß dieſes c, welches die Diſſonanz macht, in
439 563 2681 1302 dem vorhergehenden Accorde als eine Conſonanz gehoret worden ſeyn
439 563 2681 1302 (§. 118). S. Anmerk. (44).
1406 1324 1684 1421 §. 201.
457 1404 2694 1698 Es iſt gut zu merken, daß, nach denen vom Grundbaſſe von
457 1404 2694 1698 uns gegebenen Regeln, die Note c in dem Accorde der vor d herge⸗
457 1404 2694 1698 henden Grundbaßnote allezeit vorhanden ſeyn wird r).
1243 1717 1870 1839 Zweyte Regel.
1384 1858 1703 1935 §. 202.
451 1915 2683 2136 Wenn im Grundbaſſe eine toniſche Dominante, oder ſimple Do⸗
451 1915 2683 2136 minante vorhanden iſt, und die Diſſonanz in der Oberſtimme enthal⸗
2532 2127 2651 2202 ten
469 2241 1549 3085 fenweiſe, oder in diatoniſcher Ordnung
469 2241 1549 3085 fortgehen: ſo muͤſſen die Noten, die auf
469 2241 1549 3085 einen guten Tacttheil fallen, mit einer
469 2241 1549 3085 Harmonie begleitet werden; diejenigen,
469 2241 1549 3085 die auf einen ſchlechten Tacttheil fallen, ſind
469 2241 1549 3085 durchgehende Noten. Doch muß
469 2241 1549 3085 man unterweilen auch die Harmonie der
469 2241 1549 3085 auf den ſchlechten Tacttheil fallenden No⸗
469 2241 1549 3085 te geben. Die auf dem guten Tacttheile
469 2241 1549 3085 vorhergehende Note heißt alsdenn eine
469 2241 1549 3085 Wechſelnote (43.
488 3097 1562 3251 Wenn die Noten nicht in diatoniſcher
488 3097 1562 3251 Ordnung auf einander folgen: ſo muͤſſen
1581 2228 2636 2388 ſolche ordentlicher Weiſe alle zu dem dar⸗
1581 2228 2636 2388 unter befindlichen Accorde gehoͤren.
1581 2394 2649 2887 rr) Es iſt gleichwohl ein Fall, wo
1581 2394 2649 2887 die Septime einer ſimpeln Dominante
1581 2394 2649 2887 ohne Vorbereitung in einem Geſange
1581 2394 2649 2887 vorkommen kann, naͤmlich wenn bey lie⸗
1581 2394 2649 2887 gendem Baſſe die Septime im Durch⸗
1581 2394 2649 2887 gange gebraucht wird, z. E.
438 2218 2673 3280 fenweiſe, oder in diatoniſcher Ordnung ſolche ordentlicher Weiſe alle zu dem dar⸗
438 2218 2673 3280 fortgehen: ſo muͤſſen die Noten, die auf unter befindlichen Accorde gehoͤren.
438 2218 2673 3280 einen guten Tacttheil fallen, mit einer rr) Es iſt gleichwohl ein Fall, wo
438 2218 2673 3280 Harmonie begleitet werden; diejenigen, die Septime einer ſimpeln Dominante
438 2218 2673 3280 die auf einen ſchlechten Tacttheil fallen, ſind ohne Vorbereitung in einem Geſange
438 2218 2673 3280 durchgehende Noten. Doch muß vorkommen kann, naͤmlich wenn bey lie⸗
438 2218 2673 3280 man unterweilen auch die Harmonte der gendem Baſſe die Septime im Durch⸗
438 2218 2673 3280 auf den ſchlechten Tacttheil fallenden No⸗ gange gebraucht wird, z. E.
438 2218 2673 3280 Xti cer:
438 2218 2673 3280 vorhergehende Note heißt alsdenn eine
438 2218 2673 3280 et ain —
438 2218 2673 3280 an ie n imite f
438 2218 2673 3280 Ordnung auf einander folgen: ſo muͤſſen
