2973 3610
1180 167 1701 298 Vorbereitung.
2427 175 2528 296 7
687 429 2168 717 Viertes Capitel.
687 429 2168 717 Von dem Kreuze und dem B.
1311 755 1589 856 §. 15.
353 853 580 1120 D
356 859 2531 1331 er Augenſchein giebt es, daß man ſich die fuͤnf ganze Toͤne einer
356 859 2531 1331 Tonleiter dergeſtalt vorſtellen kann, als wenn ein jeder in zween
356 859 2531 1331 halbe Toͤne getheilet waͤre. Man kann auch in der That
356 859 2531 1331 von c zu d durch einen Mittelton gehen, der um einen halben Ton
356 859 2531 1331 hoͤher als c, und um einen halben Ton tiefer als d iſt.
341 1294 2520 1498 Das Zeichen, womit man einen Ton um einen halben Ton er⸗
341 1294 2520 1498 hoͤhet, heißt ein Kreuz, und wird alſo gemacht &.
367 1476 2509 1660 Das Zeichen, womit man einen Ton um einen halben Ton er⸗
367 1476 2509 1660 niedriget, heißt ein Be, und wird alſo gemachtb.
341 1641 2517 1836 Wenn vor dem f ein Kreuz ſtehet: ſo heißt der Ton fis; wenn
341 1641 2517 1836 eines vor dem g ſteht, ſo ſagt man gis, u. ſ. w.
375 1817 2540 2023 Wenn vor dem a ein Be ſtehet, ſo heißt der Ton as; wenn ei⸗
375 1817 2540 2023 nes vor dem e ſtehet: ſo ſpricht man es, u.ſ.w. ().
2288 1972 2517 2101 Fuͤnf⸗
368 2108 1418 2459 ſtellen, das iſt, durch die Anzahl der Vi⸗
368 2108 1418 2459 brationen, die die Octavſeyte vollbringet,
368 2108 1418 2459 waͤhrender Zeit die andere Seyte nur ein⸗
368 2108 1418 2459 mal vibrirt.
370 2444 1436 2669 Ferner kann man die Oberduodecime
370 2444 1436 2669 des Tones i durch 3, und die große Ober⸗
370 2444 1436 2669 decime⸗Septime durch5, u. ſ w. bemerken.
368 2672 1433 3376 Man muß aber wohl in Acht nehmen,
368 2672 1433 3376 daß man durch dieſe numeriſchen Aus⸗
368 2672 1433 3376 druͤcke, nicht die Toͤne in ſich ſelbſt zu ver⸗
368 2672 1433 3376 gleichen, gedenket: denn die Toͤne, in ſich
368 2672 1433 3376 ſelbſt betrachtet, ſind nichts anders als
368 2672 1433 3376 Empfindungen, und man kann nicht ſa⸗
368 2672 1433 3376 gen, daß die eine Empſindung in Anſe⸗
368 2672 1433 3376 hung der andern verdoppelt oder verdrey⸗
368 2672 1433 3376 fachet werde.
1449 2108 2532 2894 Die Ausdruͤcke alſo, womit man einen
1449 2108 2532 2894 Ton, ſeine Oberoctave und Oberduo⸗
1449 2108 2532 2894 decime rc. bezeichnet, als 1, 2, 3. u. ſ.w.
1449 2108 2532 2894 deuten nichts weiter an, als daß, wenn
1449 2108 2532 2894 eine Seyte eine gewiſſe Anzahl von Vi⸗
1449 2108 2532 2894 brationen, z. E. in einer Secunde, voll⸗
1449 2108 2532 2894 bringet, die Oberoctave alsdenn in eben
1449 2108 2532 2894 der Zeit noch einmal ſo viele macht;
1449 2108 2532 2894 daß die Oberduodecime dreymal ſo
1449 2108 2532 2894 viele macht, u. ſ. w.
1466 2880 2529 3282 Die Toͤne alſo unter ſich vergleichen,
1466 2880 2529 3282 iſt nichts anders, als die Anzahl der Vi⸗
1466 2880 2529 3282 brationen unter ſich vergleichen, welche
1466 2880 2529 3282 die Seyten, bey Hervorbringung der Toͤne,
1466 2880 2529 3282 in einer gewiſſen Zeit vollenden.
344 2083 2557 3403 ſtellen, das iſt, durch die Anzahl der Vi⸗ Die Ausdruͤcke alſo, womit man einen
344 2083 2557 3403 brationen, die die Octavſeyte vollbringet, Ton, ſeine Oberoctave und Oberduo⸗
344 2083 2557 3403 waͤhrender Zeit die andere Seyte nur ein⸗ decime rc. bezeichnet, als 1, 2, 3. u. ſ.w.
344 2083 2557 3403 mal vibrirt. deuten nichts weiter an, als daß, wenn
344 2083 2557 3403 Ferner kann man die Oberduodeeime eine Seyte eine gewiſſe Anzahl von Vi⸗
344 2083 2557 3403 des Tones i durch 3, und die große Ober⸗ brationen, z. E. in einer Secunde, voll⸗
344 2083 2557 3403 decime⸗ Septime durch 5, u. ſ w. bemerken. bringet, die Oberoctave alsdenn in eben
344 2083 2557 3403 Man muß aber wohl in Acht nehmen, der Zeit noch einmal ſo viele macht;
344 2083 2557 3403 daß man durch dieſe numeriſchen Aus⸗ daß die Oberduodecime dreymal ſo
344 2083 2557 3403 druͤcke, nicht die Toͤne in ſich ſelbſt zu ver⸗ viele macht, u. ſ. w.
344 2083 2557 3403 gleichen, gedenket: denn die Toͤne, in ſich Die Toͤne alſo unter ſich vergleichen,
344 2083 2557 3403 ſelbſt betrachtet, ſind nichts anders als iſt nichts anders, als die Anzahl der Vi⸗
344 2083 2557 3403 Empfindungen, und man kann nicht ſa⸗ brationen unter ſich vergleichen, welche
344 2083 2557 3403 gen, daß die eine Empfindung in Anſe⸗ die Seyten, bey Hervorbringung der Toͤne,
344 2083 2557 3403 hung der andern verdoppelt oder verdrey⸗ in einer gewiſſen Zeit vollenden.
344 2083 2557 3403 fachet werde.
