2973 3697
453 159 550 255 6a
576 139 2563 275 IBuch. XViI Cap. Von dem chromat. Klanggeſchlechte.
434 301 2647 855 beyden Accorde ſetzen g, h, d, f und g, h, d,e: ſo findet es ſich, daß
434 301 2647 855 das g nach und nach eine toniſche Dominante und Unterdominante
434 301 2647 855 iſt, das iſt, daß man aus dem Tone c in den Ton d gehet. Wenn
434 301 2647 855 man den zweyten dieſer Accorde, nach den Regeln des Doppelge⸗
434 301 2647 855 brauchs, in einen Accord der Dominante veraͤndert: ſo hat man die
434 301 2647 855 unterbrochene Cadenz g, h, d, f und e, g, h, d.
569 946 2537 1243 Achtzehntes Ctl
569 946 2537 1243 Von dem chromatiſchen Klanggeſchlechte.
1395 1249 1692 1359 §. 138.
427 1359 666 1611 D
428 1365 2641 1914 r Quintenweiſe fortgehende Grundbaß giebet uns das ordent⸗
428 1365 2641 1914 liche diatoniſche Klanggeſchlecht (Cap. VI). Da nun die
428 1365 2641 1914 große Terz, ſowohl als die Quinte, zu den harmoniſchen
428 1365 2641 1914 Toͤnen des Stammtons gehoͤret: ſo folget, daß wir auch Terzen⸗
428 1365 2641 1914 weiſe fortgehende Grundbaͤſſe formiren koͤnnen, ſo wie ſolches in
428 1365 2641 1914 Quinten geſchehen iſt.
1395 1907 1692 1985 §. 139.
434 1959 2641 2727 Wenn wir alſo dieſen Baß formiren c, e, gis: ſo iſt leicht zu
434 1959 2641 2727 ſehen, daß, weil die beyden erſtern Toͤne ihre große Terzen nnd ihre
434 1959 2641 2727 Quinten bey ſich haben, daß das c ein g, und e ein gis geben wird.
434 1959 2641 2727 Da nun der halbe Ton zwiſchen dieſem g und gis viel kleiner, als der⸗
434 1959 2641 2727 jenige iſt, der ſich in der diatoniſchen Leiter zwiſchen e und f, oder
434 1959 2641 2727 zwiſchen h und c ereignet, wie man vermittelſt des Calculi erfahren
434 1959 2641 2727 kann ): ſo wird der halbe Ton von e zu f ein großer, und der von
434 1959 2641 2727 gzu gis ein kleiner halber Ton genennet ).
2383 2695 2628 2791 §. 140.
447 2798 1518 3295 y) Wenn c1 iſt, wie wir ſolches al⸗
447 2798 1518 3295 lezeit vorausſetzen, ſo iſt e und gis
447 2798 1518 3295 43. Wenn nun g iſt: ſo wird gis
447 2798 1518 3295 gegen g ſeyn wie 4 gegen , das iſt,
447 2798 1518 3295 wie 25 mal 2 gegen 3 mal 16, oder wie
447 2798 1518 3295 25 gegen a4. Die Differenz zwiſchen gis
1550 2811 2628 3114 und g iſt alſo wie 25: 24, und machet
1550 2811 2628 3114 ſolche ein weit kleineres Jntervall als
1550 2811 2628 3114 16: 15, woraus der halbe Ton h: c
1550 2811 2628 3114 odere: f beſtehet. (Anmerk. n) (27.
1556 3121 2628 3275 2) Man kann in Obacht nehmen, daß
1556 3121 2628 3275 der kleine halbe Ton mit dem großen zu⸗
2396 3280 2628 3347 ſammen⸗
428 2785 2654 3384 y) Wenn c 1 iſt, wie wir ſolches al⸗ und g iſt alſo wie 25: 24, und machet
428 2785 2654 3384 lezeit vorausſetzen, ſo iſt e und gis ſolche ein weit kleineres Jntervall als
428 2785 2654 3384 4. Wenn nun g iſt: ſo wird gis 16: 15, woraus der halbe Ton h: c
428 2785 2654 3384 gegen g ſeyn wie 4 gegen 4, das iſt, oder e: f beſtehet. (Anmerk. n) (27.
428 2785 2654 3384 wie 25 mal 2 gegen 3 mal 16, oder wie 2) Man kann in Obacht nehmen, daß
428 2785 2654 3384 25 gegen 24. Die Differenz zwiſchen gis der kleine halbe Ton mit dem großen zu⸗
428 2785 2654 3384 ſammen⸗
