2973 3632
1130 181 1809 302 des Grundbaſſes.
2411 206 2538 308 97
377 340 2595 975 dem Grundbaſſe die ſimple Dominante e mit dem Accorde e, g, h, d
377 340 2595 975 vorhanden iſt. Wenn man die Unterterz c allhier hinzufuͤget: ſo be⸗
377 340 2595 975 koͤmmt man den Accord c, e, g, h, d. Man laͤſſet aber die Septi⸗
377 340 2595 975 me h oͤfters weg. Die Urſache wird in der Anmerkung t) zu dem
377 340 2595 975 §. 219. erklaͤret werden. Jn dieſem Umſtande bleibet fuͤr den Accord
377 340 2595 975 nichts als die Terz, Quinte und None uͤbrig, und ſelbiger wird mit
377 340 2595 975 einer bloßen 9 beziffert ees).
1312 975 1615 1069 §. 218.
364 1088 2595 1703 Noch mehr, von dem aus dem Zuſatze der Unterquinte zu dem
364 1088 2595 1703 Accorded f ac entſtehenden Undecimenaccorde g d f a c
364 1088 2595 1703 ä iliiüj iX l
364 1088 2595 1703 Anzahl der Diſſonanzen zu vermeiden. Der Accord beſtehet alsdenn
364 1088 2595 1703 aus g, c, d, das iſt, aus einer Undecime und Quinte. Dieſer Ac⸗
364 1088 2595 1703 cord wird der Quintquartenaccord genennet, und mit einer bloßen
364 1088 2595 1703 4, oder mit 5 und 4 bezeichnet.
554 1716 2557 2003 Manchesmal wird nur die Septime oder None abgeſchnitten.
554 1716 2557 2003 Jn dem erſten Falle bleibet uͤbrig g, d,aa c; in dem andern
554 1716 2557 2003 g, d, f, c.
1321 1988 1581 2084 §. 219.
383 2084 2564 2470 Ueber die Benennungen der durch die Unterſchiebung entſtehen⸗
383 2084 2564 2470 den Accorde ſind die Muſici nicht einig, insbeſondere derjenigen, die
383 2084 2564 2470 durch den Zuſatz der Unterquinte zu einem Septimenaccorde ent⸗
2272 2426 2519 2546 §. 220.
377 2578 2570 3333 Unterterz c hinzufuͤget: ſo iſt klar, daß allein von dieſem, ſondern auch von an⸗
377 2578 2570 3333 außer der in dem Stammactorde e g hd dern Nonenaccorden weglaſſen, wenn
377 2578 2570 3333 vorhandenen Diſſonanz zwiſchen e und man es fuͤr noͤthig findet.
377 2578 2570 3333 d, noch zwo andre Diſſonanzen naͤm⸗ fff) Man ſchneidet von den nnterge⸗
377 2578 2570 3333 lich c h und c d entſtehen. Solche ſchobenen Accorden oͤfters einige Diſfonan⸗
377 2578 2570 3333 muͤſſen nun ordentlich vorbereitet und zen ab, theils um die Haͤrte derſelben zu
377 2578 2570 3333 aufgeloͤſet werden. vermindern, theils, wenn ſolche nicht
377 2578 2570 3333 eee) Man kann die Septime nicht gehoͤrig vorbereitet oder aufgeloͤſet wer⸗
377 2578 2570 3333 den
376 2597 1447 3123 Unterterz c hinzufuͤget: ſo iſt klar, daß
376 2597 1447 3123 außer der in dem Stammactorde e g h d
376 2597 1447 3123 vorhandenen Diſſonanz zwiſchen e und
376 2597 1447 3123 d, noch zwo andre Diſſonanzen naͤm⸗
376 2597 1447 3123 lich c h und c d entſtehen. Solche
376 2597 1447 3123 muͤſſen nun ordentlich vorbereitet und
376 2597 1447 3123 aufaeloͤſet werden.
433 3129 1460 3199 eee) Man kann die Sevtime nicht
1466 2597 2532 2812 allein von dieſem, ſondern auch von an⸗
1466 2597 2532 2812 dern Nonenaccorden weglaſſen, wenn
1466 2597 2532 2812 man es fuͤr noͤthig findet.
1479 2825 2544 3193 fff) Man ſchneidet von den unterge⸗
1479 2825 2544 3193 ſchobenen Accorden oͤfters einige Diſfonan⸗
1479 2825 2544 3193 zen ab, theils um die Haͤrte derſelben zu
1479 2825 2544 3193 vermindern, theils, wenn ſolche nicht
1479 2825 2544 3193 aeboͤria vorbereitet oder aufaeloͤſet wer⸗
2405 3206 2526 3282 den
392 3204 1833 3304 Einleit. in die muſic. Setzk. N
