2973 3698
467 190 540 235 I0
862 166 2218 267 1Buch. I Cap. Von Erfahrungen
1428 318 1663 400 §. 22.
604 429 2631 522 Der Hauptton wird der Grund⸗ oder Stammton, und die
471 522 2633 617 davon abſtammenden und ihn begleitenden Toͤne werden, die Octave
473 602 2167 697 mit darunter gerechnet, harmoniſche Toͤne genennet.
1079 782 2053 895 Zweyte Erfahrung.
1447 945 1725 1028 §. 23.
650 1063 2637 1152 Wenn man mit dem klingenden Koͤrper zween andere Koͤrper
473 1150 2638 1235 dergeſtalt uͤbereinſtimmet, daß der eine eine Duodecime, der andere
475 1243 2637 1328 eine große Decime⸗Septime hoͤher iſt: ſo werden dieſe beyden letzten
478 1323 2637 1420 Koͤrper in eine gaͤnzliche Erzitterung gerathen, ſobald der erſtere
476 1419 2633 1504 erklingen wird, und ſie werden ebenfalls einen Laut von ſich geben.
476 1506 2637 1595 Dieſes iſt ein neuer Beweis, in was fuͤr genauer Verbindung die
479 1597 2640 1679 Oberduodecime und große Oberdecime⸗ Septime mit dem Stammtone
480 1686 2640 1771 ſtehen. Wenn man aber mit dieſem klingenden Koͤrper zween andere
482 1774 2639 1858 Koͤrper dergeſtalt zuſammenſtimmet, daß ſolche die Unterduodecime
480 1859 2640 1949 und große Unterdecime⸗Septime dagegen machen: ſo werden
481 1949 2639 2037 dieſe letztern Koͤrper bey Erklingung des erſtern zwar ebenfalls, aber
482 2031 2638 2128 nicht gaͤnzlich erzittern. Es werden ſich ſolche bey ihrer Zitterung
482 2128 2643 2213 durch eine Art von Schwingung, der eine in drey, der andere in fuͤnf
485 2215 2637 2307 gleiche Theile zertheilen, und waͤhrender Zitterung einige Puncte in
485 2308 1477 2392 Ruhe bleiben.
2491 2395 2635 2469 Wir
483 2523 2610 2604 Wenn alſo ein Ton, er ſey wer er ſey, ſo iſt die Oberduodecime 3
483 2613 2599 2684 zum Exempel c, heißet1 die Unterduodecime
562 2690 2596 2758 ſo iſt die Oberoctave 2 die große Oberdecime⸗ Septime 5
563 2770 2595 2843 die zweyfache Oberoctave 4 die große Unterdecime⸗ Septime
565 2849 2635 2913 die dreyfache Oberoctave 8 Wenn die Oberquinte von dem Tone 1
542 2928 2636 2990 u. ſ. w. die Unteroctave von deſſelben Oberduode⸗
566 3002 2636 3071 ſo iſt die Unteroctave cime iſt: ſo iſt ſolche folglich . Das
566 3084 2635 3151 die zweyfache Unteroctave heißt, daß dieſe Seyte oder anderthalb
567 3157 2637 3232 die dreyfache Unteroctave Vibrationen macht, waͤhrender Zeit die
761 3239 2636 3305 u. ſ. w. Seyte des Tons 1 nur einmal vibrirt (6.
483 2533 1528 2604 Wenn alſo ein Ton, er ſey wer er ſey,
483 2613 1487 2684 zum Exempel c, heißet 1
562 2691 1488 2754 ſo iſt die Oberoctave 2
563 2771 1489 2835 die zweyfache Oberoctave 4
565 2850 1485 2913 die dreyfache Oberoctave 8
542 2928 1035 2988 u. ſ. w.
566 3002 1493 3070 ſo iſt die Unteroctave
566 3085 1500 3151 die zweyfache Unteroctave
567 3163 1499 3232 die dreyfache Unteroctave F
761 3241 1033 3304 u. ſ. w.
1670 2523 2610 2602 ſo iſt die Oberduodeeime 3
1669 2613 2599 2680 die Unterduodecime
1668 2690 2596 2758 die große Oberdecime⸗ Septime 5
1667 2770 2595 2843 die große Unterdecime⸗ Septime
1597 2849 2635 2910 Wenn die Oberquinte von dem Tone 1
1595 2928 2636 2990 die Unteroctave von deſſelben Oberduode⸗
1596 3003 2636 3071 cime iſt: ſo iſt ſolche folglich . Das
1598 3084 2635 3150 heißt, daß dieſe Seyte oder anderthalb
1597 3157 2637 3230 Vibrationen macht, waͤhrender Zeit die
1598 3239 2636 3305 Seyte des Tons 1 nur einmal vibrirt (6.
