2973 3667
404 170 577 266 100
769 151 2273 272 IIBuch. XCap. Von einigen Freyheiten
410 535 2650 836 Man kann in dem Traité de l' Harmonie des Herrn Rameau meh⸗
410 535 2650 836 rere Nachricht von allerhand Arten untergeſchobener Accorde finden
410 535 2650 836 die wir der Kuͤrze wegen allhier ubergehen.
474 1047 2574 1489 Zehntes Capitel.
474 1047 2574 1489 Von einigen Freyheiten in der Oberſtimme
474 1047 2574 1489 und in dem Generalbaſſe.
1357 1553 1690 1655 §. 224.
423 1661 694 1921 M
418 1675 2645 2034 an laͤſſet eine Diſſonanz, die ſich abſteigend aufloͤſen ſollte, oͤfters
418 1675 2645 2034 in einer Oberſtimme uͤber ſich gehen. Die Note, worauf
418 1675 2645 2034 ſolche herabgehen ſollte, findet ſich alsdenn in einer andern
418 1675 2645 2034 Stimme. Dieſer Freyheit muß man ſich ſelten bedienen.
2369 2027 2600 2136 §. 225.
436 2231 1524 2698 hhh) Da die Accorde gis h d f
436 2231 1524 2698 und e gis h d nur in Anſehung der No⸗
436 2231 1524 2698 ten e und f von einander unterſchieden
436 2231 1524 2698 ſind: ſo kann man einen diatoniſchen Ge⸗
436 2231 1524 2698 ſang von dieſen beyden Noten formiren,
436 2231 1524 2698 als:
1537 2231 2638 2705 Da der verminderteSeptimenaccord gis h
1537 2231 2638 2705 d f, und der Septimenaccord h d f a
1537 2231 2638 2705 in nichts anderm, als den beyden No⸗
1537 2231 2638 2705 ten gis und a unterſchieden: ſo kann
1537 2231 2638 2705 man aus eben der Urſache folgende Saͤtze
1537 2231 2638 2705 formiren:
411 2202 2683 3281 hhh) Da die Accorde gis h d f Da der verminderteSeptimenaccord gis h
411 2202 2683 3281 und e gis h d nur in Anſehung der No⸗ d f, und der Septimenaccord h d f a
411 2202 2683 3281 ten e und f von einander unterſchieden in nichts anderm, als den beyden No⸗
411 2202 2683 3281 ſind: ſo kann man einen diatoniſchen Ge⸗ ten gis und a unterſchieden: ſo kann
411 2202 2683 3281 ſang von dieſen beyden Noten formiren, man aus eben der Urſache folgende Saͤtze
411 2202 2683 3281 als: formiren:
411 2202 2683 3281 QN
411 2202 2683 3281 i
411 2202 2683 3281 n
411 2202 2683 3281 E E
