2973 3690
479 188 570 267 86
755 174 2337 276 Buch. M Cap. Regeln des Grundbaſſes.
1270 334 1845 436 Dritte Regel.
660 462 2642 549 Wenn in dem Grundbaſſe eine toniſche Note iſt, und ſolche Se⸗
486 554 2640 640 cundenweiſe auf eine andre Note hinaufſteiget: ſo muß dieſe Note
485 641 2639 735 eine toniſche Dominante oder eine ſimple Dominante ſeyn §.
484 731 1901 822 10. 102.) 9). Siehe Anmerkung (42).
1185 866 1942 975 Erſte Anmerkung.
738 998 2639 1089 Die Fortſchreitung von einer toniſchen Dominante zu einer
655 1086 2641 1178 toniſchen Note heißt eine vollkommene Cadenz (§. 73), und
659 1174 2643 1265 die Fortſchreitung von einer Unterdominante zu einer toniſchen
657 1263 2644 1356 Note heißt eine unvollkommene Cadenz (§.73). Dieſe Ca⸗
663 1355 2643 1441 denzen oder Ruheſtellen kommen wenigſtens von vier zu vier
658 1438 2645 1531 Tacten zum Vorſchein, und die toniſche Note faͤllt allda auf
656 1536 1826 1614 den erſten guten Tacttheil.
1155 1640 1970 1772 Zweyte Anmerkung.
737 1787 2643 1879 Man muß in dem Grundbaſſe die Syncopation, ſo viel moͤg⸗
660 1882 2643 1966 lich, vermeiden, damit ſich in jedem Tacttheile eine verſchiedene
659 1968 2644 2054 Harmonie entdecke. Unterdeſſen laͤſſet man doch manchesmal
660 2053 2640 2145 den Grundbaß ſyncopiren. Es iſt aber ſolches eine Freyheit,
658 2147 2633 2228 die man ſich nimmt rr).
2360 2244 2640 2319 Sieben⸗
559 2370 2639 2446 oo) Man ſiehet hieraus, daß in dem derholet werden, und das erſtemal den
479 2452 2638 2525 Grundbaſſe alle Jntervalle, als die Terz, Accord ce g c, und das andremal den
472 2524 2641 2602 Quinte und Secunde ſtatt finden, ausge⸗ Septimenaccord ceg b, uͤber ſich haben.
482 2607 2639 2677 nommen die Secunde im Herabſteigen. Es kann ſelbige ebenfalls das erſtemal
482 2687 2636 2759 Man erlaubet ſich ſolches gleichwohl un⸗ die Harmonie von c e g c, und das
479 2765 2635 2837 terweilen. Wir werden im IX Capitel zweytemal den Accord c e g a erhalten.
480 2845 2636 2911 davon ſprechen. Eine toniſche Dominante, oder auch eine
558 2920 2635 2995 pp) Es giebt Noten, die man unter ſimple Dominante kann unterweilen auf ei⸗
482 3000 2634 3068 verſchiedenen Harmonien in dem Grund⸗ ne falſche Quinte herabgehen. Zum Exem⸗
481 3075 2634 3147 baſſe oͤfters wiederholen kann. Zum pel, die Dominante f, die den Accord
478 3151 2633 3230 Exempel, die toniſche Note c kann wie⸗ f a c e uͤber ſich hat, kann hernach
1637 3238 2634 3289 den
559 2370 1522 2446 oo) Man ſiehet hieraus, daß in dem
479 2452 1522 2524 Grundbaſſe alle Jntervalle, als die Terz,
472 2531 1522 2602 Quinte und Secunde ſtatt finden, ausge⸗
482 2610 1521 2677 nommen die Secunde im Herabſteigen.
482 2689 1522 2756 Man erlaubet ſich ſolches gleichwohl un⸗
479 2766 1521 2836 terweilen. Wir werden im IX Capitel
480 2847 873 2911 davon ſprechen.
558 2920 1520 2995 pp) Es giebt Noten, die man unter
482 3003 1519 3068 verſchiedenen Harmonien in dem Grund⸗
481 3079 1520 3147 baſſe oͤfters wiederholen kann. Zum
478 3157 1521 3229 Exempel, die toniſche Note c kann wie⸗
1597 2373 2639 2439 derholet werden, und das erſtemal den
1598 2453 2638 2525 Accord c e g c, und das andremal den
1598 2524 2641 2602 Septimenaccord ceg b, uͤber ſich haben.
1598 2607 2639 2675 Es kann ſelbige ebenfalls das erſtemal
1597 2687 2636 2759 die Harmonie von c g c, und das
1592 2765 2635 2837 zweytemal den Accord c e g a erhalten.
1598 2845 2636 2910 Eine toniſche Dominante, oder auch eine
1597 2921 2635 2989 ſimple Dominante kann unterweilen auf ei⸗
1596 3000 2634 3066 ne falſche Quinte herabgehen. Zum Exem⸗
1595 3075 2634 3147 pel, die Dominante f, die den Accord
1596 3151 2633 3230 f ac e uͤber ſich hat, kann hernach
2547 3238 2634 3289 den
