2973 3676
705 221 2163 315 IBuch. vm Cap. Von den Cadenzen.
2428 245 2505 312 39
391 372 2500 455 mit dem Stammtone c ſchließet, der vollkommenſte von allen in dem
391 459 2498 543 Grundbaſſe iſt: ſo iſt folglich die Cadenz von h zu c, die in der Leiter
390 549 2500 631 daraus entſpringet, und auch mit dem Stammtone ſchließet, aus die⸗
389 635 2497 722 ſer Urſache die vollkommenſte von allen in aufſteigender diatoniſcher
389 727 696 805 Ordnung.
1326 812 1559 892 §. 77.
556 911 2498 993 Es iſt alſo ein von der Natur ſelbſt gegebenes Geſetz, daß,
384 996 2499 1080 wenn man diatoniſch zu dem Stammtone hinaufſteigen will, man ſol⸗
387 1084 2498 1168 ches nicht anders, als vermittelſt der großen Terz der Quinte des
385 1172 2497 1256 Stammtons verrichten kann. Dieſe große Terz, welche mit dem
385 1258 2497 1340 Stammtone einen halben Ton formiret, wird aus dieſer Urſache die
385 1342 2495 1430 tonbezeichnende Note, weil ſie den Stammton ankuͤndiget, und
385 1432 2496 1516 vor der vollkommenſten Cadenz vorhergehet, insgemein aber der Un⸗
382 1518 2018 1598 terhalbeton, oder das Subſemitonium Toni genennet.
556 1616 2498 1697 Wir haben ſchon bewieſen, daß der Grundbaß die Quelle der
383 1704 2497 1789 Melodie iſt. Wir werden in der Folge annoch zeigen, daß die Wir⸗
386 1788 2496 1876 kung des Ruhepuncts in der Melodie einzig und allein von dem Grund⸗
383 1876 845 1958 baſſe herruͤhret.
1061 2135 1812 2218 Neuntes Capitel.
564 2259 2294 2394 Von der kleinen oder weichen Tonart.
1320 2442 1558 2519 §. 78.
382 2539 552 2764 E
558 2540 2492 2632 s iſt dargethan worden (Cap. Il.), daß die Natur vermittelſt der
598 2630 2500 2719 Erklingung der Seyte die große oder harte Tonart unmittelbar
594 2722 2491 2809 ertheilet, und daß ſie durch die Erzitterung der Unterduode⸗
381 2811 2491 2890 cime und großen Unterdecime⸗Septime die kleine oder weiche Ton⸗
380 2899 2488 2984 art anzeiget. Wir haben noch anbey geſehen, daß dieſe Duodecime
377 2987 2488 3071 und Decime⸗Septime, bey ihrer Erzitterung, ſich in gleiche Theile
378 3067 2485 3165 abſondern, die eine in drey und die andere in fuͤnf; dergeſtalt, daß,
380 3157 2484 3250 wenn die Seyte C F (§. 23) waͤhrender Erzitterung zum Erklingen
2233 3241 2482 3326 gebracht
