2973 3672
428 190 569 286 106
883 190 2133 305 nBuch. XIICap. Was es heißt:
941 1004 2076 1145 Tabelle der zwoͤlf Molltoͤne.
1344 1164 1678 1260 Von A.
1357 1484 1691 1574 Von E.
1351 1798 1710 1907 Von H.
1325 2125 1697 2221 Von Fis.
2408 2407 2614 2535 Von
1537 2542 2601 3241 Bey dem Tone as dur, iſt es noch
1537 2542 2601 3241 noͤtbiger, das as dem gis vorzuziehen,
1537 2542 2601 3241 weil zur Vorzeichnung des gis folgende
1537 2542 2601 3241 Kreuze noͤthig ſind:
1537 2542 2601 3241 gis, ais, his, cis, dis, eis, fis, gis.
1537 2542 2601 3241 Wenn man as dem gis ſubſtituiret: ſo iſt
1537 2542 2601 3241 dieſe Schwierigkeit mit einmal aus dem
1537 2542 2601 3241 Wege geraumt.
447 2535 1498 3247 mmm) Die Durtoͤne fis, cis oder
447 2535 1498 3247 des, ſind eben nicht ſehr gebraͤuchlich.
447 2535 1498 3247 Will man aus cis oder des ein Stuͤck
447 2535 1498 3247 ſetzen: ſo bedienet man ſich lieber der
447 2535 1498 3247 Vorzeichnung von des, als der von cis,
447 2535 1498 3247 weil ſolche ſieben Kreuze erfordert. Die⸗
447 2535 1498 3247 ſes iſt die Urſache, warum wir in der
447 2535 1498 3247 Tabelle die Vorzeichnung von des anſtatt
447 2535 1498 3247 der von cis vorgebracht haben.
421 2523 2626 3266 mmm) Die Durtoͤne fis, cis oder Bey dem Tone as dur, iſt es noch
421 2523 2626 3266 des, ſind eben nicht ſehr gebraͤuchlich. noͤtbiger, das as dem gis vorzuziehen,
421 2523 2626 3266 Will man aus cis oder des ein Stuͤck weil zur Vorzeichnung des gis folgende
421 2523 2626 3266 ſetzen: ſo bedienet man ſich lieber der Kreuze noͤthig ſind:
421 2523 2626 3266 Vorzeichnung von des, als der von Cis, - 12   122 5
421 2523 2626 3266 uut ibz. aon xrene erfordert. Di. ie, as, hio, cis, dis, eis, fis, gis.
421 2523 2626 3266 ſes iſt die Urſache, warum wir in der Wenn man as dem gis ſubſtituiret: ſo iſt
421 2523 2626 3266 Tabelle die Vorzeichnung von des anſtatt dieſe Schwierigkeit mit einmal aus dem
421 2523 2626 3266 der von cis vorgebracht haben. Wege geraumt.
