2973 3662
974 160 1978 261 Urſprunge der Tonarten.
2476 179 2557 266 15
1328 318 1591 404 §. 27.
371 409 2562 1118 Aus eben dieſem Grunde wuͤrde ein Geſang, der aus den hin⸗
371 409 2562 1118 tereinander folgenden Toͤnen c, der Oberduodecime g, und der großen
371 409 2562 1118 Oberdecime⸗Septime beſtaͤnde, der ſimpelſte und natuͤrlichſte von
371 409 2562 1118 allen ſeyn, wenn unſere Stimme gnungſamen Umfang haͤtte, dieſe
371 409 2562 1118 große Jntervalle ohne Muͤhe hervorzubringen. Aber die Freyheit
371 409 2562 1118 und Bequemlichkeit, die wir haben, an die Stelle eines Tons ſeine
371 409 2562 1118 Octave zu gebrauchen, giebet uns ein Mittel an die Hand, dieſen
371 409 2562 1118 Geſang nachzumachen.
375 1112 2562 1667 Wenn wir naͤmlich den Ton c angeſtimmet haben, ſo ſtimmen
375 1112 2562 1667 wir natuͤrlicher Weiſe die große Terz e und die Quinte g an, anſtatt
375 1112 2562 1667 die Doppeloctave von e oder die Octave von g zu nehmen. Zu
375 1112 2562 1667 dieſen Toͤnen fuͤgen wir die Octave c und da entſteht der Geſang:
375 1112 2562 1667 c: e: g: c, der in der That der ſimpelſte und leichteſte von allen iſt.
375 1112 2562 1667 Er hat auch ſeinen Urſprung in der Erklingung der Seyte.
1332 1687 1567 1787 §. 28.
347 1792 2552 2151 Dieſer Geſang c: e: g: c, worinnen die große Terz c: e vor⸗
347 1792 2552 2151 handen iſt, machet die ſo genannte große oder harte Tonart aus.
347 1792 2552 2151 Hieraus folget, daß die harte Tonart ein unmittelbares Werk der
347 1792 2552 2151 Natur iſt.
1318 2151 1576 2261 §. 29.
375 2242 2552 3218 Die Erzitterung der Unterduodecime und großen Unterdecime⸗
375 2242 2552 3218 Septime, wovon in der zweyten Erfahrung geſprochen worden, fuͤh⸗
375 2242 2552 3218 ret uns zu einer andern Entdeckung. Da die kleine Unterterz von c
375 2242 2552 3218 ein a iſt: ſo iſt folglich as die große Unterterz; denn die große Terz
375 2242 2552 3218 iſt, wie in der Vorbereitung gelehret worden, ein um einen halben
375 2242 2552 3218 Ton groͤßeres Jntervall, als die kleine Terz. Folglich muß der Raum
375 2242 2552 3218 von c zu as abwaͤrts eine große Terz enthalten. Hieraus iſt zu
375 2242 2552 3218 ſchließen, daß die große Unterdecime. Septime von c, die abſteigende
375 2242 2552 3218 zweyfache Octave von as ſeyn muß. Wenn ferner die Unterquinte
375 2242 2552 3218 von c ein f iſt, ſo muß die Unterduodecime von c die abſteigende
375 2242 2552 3218 Octave dieſes f ſeyn.
2299 3227 2533 3337 §. 30.
