2973 3705
486 185 566 256 18
689 168 2474 279 1Buch. II Cap. Von Quintenfortſchreitungen.
486 329 2649 425 zu e fortzugehen. Dieſes zu beweiſen, muͤßen wir zufoͤrderſt bemeri
491 418 2649 515 ken, daß der Ton d natuͤrlicher Weiſe den Ton a mit ſich fuͤhret;
488 507 2647 603 denn a iſt die Quinte von d, und die Octave dieſer Quinte erklinget
486 594 2645 691 mit dem d, vermittelſt der erſten Erfahrung (§. 20.). Wenn man
486 684 2649 782 alſo von c zu d, oder von d zu c gehet: ſo gehet man nothwendig
485 780 2645 871 von c zu a, oder von a zu c. Nun iſt dieſe leztere Fortſchreitung
484 868 2645 953 wider die Regeln, die uns die Natur anweiſet; denn da das a in der
481 954 2645 1044 Quintenfolge als die Quinte von d betrachtet wird, ſo kann es als
482 1045 2644 1133 Quinte von der Quinte zu g, mit dem Tone c keine reine harmoni⸗
484 1130 2641 1221 ſche kleine Terz machen; ein Umſtand, worinnen alle Muſici uͤber⸗
481 1224 2642 1310 einkommen, und der leicht zu beweiſen iſt s). Folglich ſind die Toͤ⸗
477 1312 2645 1405 ne c und a, aus der Quintenfortſchreitung herausgenommen, auf
478 1396 2639 1490 keine Weiſe harmoniſch, und koͤnnen alſo nicht unmittelbar auf ein⸗
479 1482 2641 1570 ander folgen ). Folglich koͤnnen die Toͤne c und d in einem Grund⸗
476 1576 2625 1667 baße auch nicht unmittelbar auf einander folgen (i0).
2445 1679 2638 1761 §. 37.
553 1798 2639 1871 g Laßt uns ſetzen, daß cr iſt; die ſeyn 3. Nun iſt die kleine harmo⸗
471 1878 2644 1950 Quinte g wird ſeyn , und die Quinte d niſche Unterterz von c z (Anmerk. d).
471 1955 2639 2028 von der Quinte g wird ſeyn , die Quin⸗ Wenn man alſo die kleine Terz a: c mit
468 2032 2638 2107 te a von d aber . Die Toͤne d und der harmoniſchen kleinen Terz vergleichen
471 2113 2633 2187 a werden alſo in der zweyten Octave von will, ſo muß man die Jntervalle 3 und
468 2191 2639 2275 c ſeyn. Die zweyfache Unteroctave von gegen einander vergleichen; und dieſes
468 2264 2635 2341 diefem a ſollte alſo natuͤrlicher Weiſe die verrichtet man nach der bey der An⸗
469 2344 2636 2422 kleine Unterterz von c ſeyn, wie man merk. d) erklaͤrten Methode, vermittelſt
467 2423 2635 2498 aus folgender Vorſtellung ſehen wird: welcher man finden wird, daß das erſte
845 2503 2632 2581 Jntervall ſich gegen das zweyte wie 27
538 2555 2633 2654 mal 6 gegen 5 mal 32 verhaͤlt, oder
602 2643 2629 2738 122 4 8 wie 7 mal 3 gegen 5 mal 16, das iſt
595 2707 2631 2811 vie i aen e. Folalic iſt die riei
958 2802 2627 2890 ne Tr a: c nicht einerly mit der bar⸗
598 2837 2628 2969 ecdur. e ir iitr ei —
544 2966 2629 3043 Dieſes geſetzt, ſo iſt die zweyfache Un. die kleine Terz a: c nicht vollkommen
466 3046 2626 3121 teroctave von a 3 (Anmerk. c) weil rein, wenn man a als die Quinte von d
465 3127 2253 3193 man den. Bruch mit 4 dividiren muß.betrachtet.
464 3204 2624 3289 Die kleine Terz von a zu c wird alſo h) Wenn c und f auf einander fol⸗
565 3301 2622 3369 gen:
553 1798 1524 1870 g Laßt uns ſetzen, daß c1 iſt; die
471 1879 1521 1948 Quinte g wird ſeyn 4, und die Quinte d
471 1955 1522 2028 von der Quinte g wird ſeyn , die Quin⸗
468 2032 1520 2103 te a von d aber . Die Toͤne d und
471 2113 1519 2177 a werden alſo in der zweyten Octave von
468 2191 1520 2254 C ſeyn. Die zweyfache Unteroctave von
468 2264 1524 2329 dieſem a ſollte alſo natuͤrlicher Weiſe die
469 2345 1519 2408 kleine Unterterz von c ſeyn, wie man
467 2423 1438 2491 aus folgender Vorſtellung ſehen wird:
544 2966 1511 3039 Dieſes geſetzt, ſo iſt die zweyfache Un.
466 3046 1512 3115 teroctave von a Z (Anmerk. c) weil
465 3127 1510 3193 man den. Bruch mit 4 dividiren muß.
464 3204 1514 3275 Die kleine Terz von a zu c wird alſo
1587 1800 2639 1871 ſeyn 3. Nun iſt die kleine harmo⸗
1589 1878 2644 1950 niſche Unterterz von c z (Anmerk. d).
1589 1960 2639 2028 Wenn man akſo die kleine Terz a: c mit
1586 2035 2638 2107 der harmoniſchen kleinen Terz vergleichen
1588 2113 2633 2187 will, ſo muß man die Jntervalle 3 und
1587 2191 2639 2275 gegen einander vergleichen; und dieſes
1586 2272 2635 2341 verrichtet man nach der bey der An⸗
1587 2344 2636 2422 merk. d) erklaͤrten Methode, vermittelſt
1580 2429 2635 2498 welcher man finden wird, daß das erſte
1579 2503 2632 2581 Jntervall ſich gegen das zweyte wie 27
1581 2581 2633 2654 mal 6 gegen 5 mal 32 verhaͤlt, oder
1582 2662 2629 2738 wie 7 mal 3 gegen 5 mal 16, das iſt,
1582 2741 2631 2809 wie 8i gegen 80. Folglich iſt die klei⸗
1582 2820 2627 2890 ne Terza: c nicht einerley mit der har⸗
1580 2898 2628 2969 moniſchen kleinen Terz; und folglich iſt
1578 2976 2629 3043 die kleine Terz a: c nicht vollkommen
1575 3056 2626 3121 rein, wenn man a als die Quinte von d
1576 3134 2253 3193 betrachtet.
1652 3208 2624 3285 h) Wenn c und f auf einander fol⸗
2511 3313 2622 3369 gen:
