2973 3596
644 160 2333 280 in einem Tone feyn, oder aus einem Tone gehen.
2415 180 2553 299 105
388 318 2572 1398 in der kleinen Tonart von a oder in a moll ſeyn will: ſo brauche ich
388 318 2572 1398 nur das cis in c zu verwandeln, damit die kleine Terz a, c, zum
388 318 2572 1398 Vorſchein komme, wodurch ich alsdenn folgende Leiter von a moll
388 318 2572 1398 im Hinaufſteigen erhalten werde (§. 87).
388 318 2572 1398 a, h, c, d, e, ſis, gis, a.
388 318 2572 1398 Jm Herabſteigen wird die Leiter von a moll ſeyn (§. 93):
388 318 2572 1398 a, g, f, e, d, c, h, a.
388 318 2572 1398 Man findet hierinnen das natuͤrliche, und nicht in fis und gis ver⸗
388 318 2572 1398 ſetzte f und g. Es iſt dieſe beſondere Eigenſchaft naͤmlich der kleinen
388 318 2572 1398 Tonart eigen, daß ihre Leiter anders im Hinauf⸗ und anders im Her⸗
388 318 2572 1398 abſteigen beſchaffen iſt (§. 91.).
1323 1423 1630 1517 §. 233.
389 1528 2552 1961 Da ſiehet man itzo die Urſache, warum a dur in der Vorzeich⸗
389 1528 2552 1961 nung der Leiter drey Kreuze gebrauchet, als fis, cis und gis; und
389 1528 2552 1961 warum man gegentheils in a moll, keine Kreuze am Schluͤſſel ge⸗
389 1528 2552 1961 brauchet, weil dieſer Ton im Herunterſteigen weder Kreuze noch
389 1528 2552 1961 Been hat.
1339 1961 1597 2049 §. 234.
394 2050 2616 2578 Da die Muſikleiter aus zwoͤlf in der Entfernung eines halben
394 2050 2616 2578 Tons von einander unterſchiedenen Toͤnen beſtehet: ſo iſt leicht zu
394 2050 2616 2578 ſehen, daß jeder dieſer Toͤne einer großen und weichen Tonart faͤhig
394 2050 2616 2578 iſt, welches alſo uͤberhaupt vier und zwanzig Toͤne oder Tonar⸗
394 2050 2616 2578 ten machet. Wir wollen eine zur Erkaͤnntniß der Tonarten dienliche
394 2050 2616 2578 Tabelle dieſer 24 Toͤne entwerfen.
952 2596 2001 2722 Tabelle der zwoͤlf Durtoͤne.
479 3178 2553 3287 Einleit. in die muſic. Setzt. O 6) H.
