2973 3686
466 184 538 250 16
624 163 2542 264 IBuch. Il Cap. Von deim Urſprunge der Tonarten.
1441 320 1657 395 §. 30.
555 416 2637 518 Hieraus und aus der natuͤrlichen Leichtigkeit, einen Ton mit
478 510 2637 604 ſeiner Octave zu vermiſchen, koͤnnen wir den von der Natur ange⸗
479 593 2636 690 wieſenen Geſang bilden f: as: c, worinnen die kleine Terz f: as
480 682 2632 779 vorhanden iſt. Das iſt der Urſprung der kleinen oder weichen
478 790 2239 866 Tonart.
1454 871 1649 952 §. 31.
655 966 2632 1052 Weil aber die Toͤne f: as oder vielmehr ihre Octaven, nur
479 1056 2631 1151 bloß erzittern, wennc erklinget, und nicht zugleich, wie e und g,
479 1146 2631 1230 einen Laut von ſich geben: ſo folget daher, daß uns die kleine oder
481 1235 2633 1321 weiche Tonart nicht ſo unmittelbar und gerade, als die große oder
480 1327 1876 1425 harte Tonart, von der Natur ertheilet wird.
1471 1463 1668 1544 §. 32.
664 1586 1925 1672 Die vollkommenſten Accorde ſind alſo:
564 1680 2631 1788 1) Jeder Accord, wie c: e, g: c, der aus einem Tone, der
650 1774 2216 1875 großen Terz, der Quinte und der Octave beſteht.
538 1862 2630 1966 2) Jeder Accord, wie f: as: c: f, der aus einem Tone, der
661 1952 2210 2045 kleinen Terz, der Qunte und der Octave beſteht.
482 2078 2629 2183 Jn der That, erhalten wir dieſe beyden Accorde von der Natur,
485 2167 2627 2258 aber den erſten unmittelbarer als den zweyten. Der erſte heißt der
486 2254 2624 2366 große harmoniſche Vierklang, oder der harte vollkommene Ac⸗
485 2344 2625 2447 cord; der zweyte der kleine harmoniſche Vierklang, oder der
485 2434 1629 2542 weiche vollkommene Accord (9).
2352 3191 2621 3319 Drittes
