2973 3704
477 160 561 243 76
650 152 2448 256 IIBuch. IIICap. Von den verſchiedenen Schluͤſſeln,
662 292 2645 417 Der CSchluͤſſel wird auf die erſte, zweyte, dritte oder vierte
483 403 2246 488 Linie geſetzet, und die Linie nach ihm c benennet.
655 527 2650 647 Der G Schluͤſſel wird auf die erſte oder zweyte Linie geſetzet,
483 630 2278 721 und heißt die Linie nach ihm g.
1465 804 1700 885 §. 171.
660 911 2651 1014 Da die Noten auf die Linien und zwiſchen die Linien geſetzet
484 1002 2652 1103 werden: ſo kann man, bey dem Anblicke eines Schluͤſſels, ſogleich den
485 1093 2658 1196 Namen einer jeden Note wiſſen. Alſo ſiehet man, daß in dem F
485 1177 2653 1285 Schluͤſſel die unterſte Liie oder die darauf geſetzte Note ein g; die
485 1270 2649 1375 zwiſchen der erſten und zweyten Linie darauf folgende Note ein a;
486 1358 1926 1451 die zweyte Linie ein h heißen muß, u. ſ. w. )
1422 1524 1700 1615 §. 172.
669 1649 2656 1744 Eine Note, vor welcher ein Kreuz (t) ſtehet, muß um einen
489 1738 2659 1840 halben Ton erhoͤhet werden; und ſtehet ein Be (b) davor, ſo muß
488 1827 2541 1916 ſolche um einen halben Ton erniedriget werden.
2504 1933 2652 2003 Das
568 2054 2650 2173 i) Die verſchiedenen Arten der Schluͤſ. Ein tiefer Tenor heißt Barytonus
490 2165 2124 2234 ſel ſind des verſchiedenen Umfangs der oder Concordant.
490 2242 2461 2320 Stimmen und Jnſtrumente wegen erfun⸗
488 2242 2649 2387 JW nſrumene weun erfun ein iier ut beit ein Contralt,
572 2376 2047 2467 Es giebt vier Hauptſtimmen: der vder Contraalt.
490 2474 2649 2579 Diskant, Alt, Tenor und Baß. Fuͤr die Geige Floͤte Oboe re bedienet
566 2556 2645 2653 Jn Singen bedienet man ſich des C man ſich des G Scluͤſſels auf der wen⸗
492 2590 2624 2726 ü z c üü ſre ssais et irwm
492 2712 2089 2785 Diskant oder Sopran; des CSchluͤſſels
493 2788 2641 2875 auf der dritten Linie fuͤr den Alt; des C Fuͤr das Clavier bedienet man ſich
492 2868 2640 2952 Schluͤſſels auf der vierten Linie fuͤr den fuͤr die rechte Hand entweder des G
493 2946 2642 3027 Tenor; und des Schluͤſſels auf der Schluͤſſels auf der zweyten Linie, oder
488 3024 2643 3109 vierten Linie fuͤr den Baß. des CSchluͤſſels auf der erſten Linie;
574 3107 2644 3192 Ein ſehr tiefer Vocalbaß wird ein fuͤr die linke Hand aber des Schluͤſſels
489 3184 2610 3258 Contrabaß genennet. auf der vierten Linie.
568 2080 1538 2152 i) Die verſchiedenen Arten der Schluͤſ.
490 2165 1538 2233 ſel ſind des verſchiedenen Umfangs der
490 2242 1535 2311 Stimmen und Jnſtrumente wegen erfun⸗
488 2324 1357 2375 den worden.
572 2399 1535 2467 Es giebt vier Hauptſtimmen: der
490 2474 1473 2547 Diskant, Alt, Tenor und Baß.
566 2556 1534 2623 Jm Singen bedienet man ſich des C
492 2632 1532 2701 Schluͤſſels auf der erſten Linie fuͤr den
492 2712 1533 2782 Diskant oder Sopran; des CSchluͤſſels
493 2788 1530 2859 auf der dritten Linie fuͤr den Alt; des C
492 2868 1530 2939 Schluͤſſels auf der vierten Linie fuͤr den
493 2946 1531 3021 Tenor; und des F Schluͤſſels auf der
488 3024 1166 3086 vierten Linie fuͤr den Baß.
525 3081 1535 3180 Ein ſehr tiefer Vocalbaß wird ein
489 3184 1084 3258 Contrabaß genennet.
1683 2089 2650 2173 Ein tiefer Tenor heißt Barytonus
1603 2168 2124 2234 oder Concordant.
1680 2300 2649 2387 Ein tiefer Alt heißt ein Contralt,
1599 2376 2047 2440 oder Contraalt.
1683 2501 2649 2584 Fuͤr die Geige, Floͤte Oboe ꝛe. bedienet
1597 2589 2645 2670 man ſich des G Schluͤſſels auf der zwey⸗
1598 2671 1838 2726 ten Linie.
1675 2794 2641 2875 Fuͤr das Clavier bedienet man ſich
1576 2871 2640 2952 fuͤr die rechte Hand entweder des G
1595 2952 2642 3027 Schluͤſſels auf der zweyten Linie, oder
1594 3032 2643 3109 des CSchluͤſſels auf der erſten inie;
1599 3109 2644 3192 fuͤr die linke Hand aber des F Schluͤſſels
1601 3193 2610 3257 auf der vierten Linie.
