2973 3667
437 207 552 254 100
800 170 2249 265 IIBuch. XCap. Von einigen Freyheiten
444 539 2606 633 Man kann in dem Traité de l' Harmonie des Herrn Rameau meh⸗
446 628 2603 745 rere Nachricht von allerhand Arten untergeſchobener Accorde finden
446 723 2605 817 die wir der Kuͤrze wegen allhier ubergehen.
591 1047 2387 1187 Zehntes Capitel.
520 1212 2538 1357 Von einigen Freyheiten in der Oberſtimme
1030 1373 2510 1489 und in dem Generalbaſſe.
1357 1573 1664 1653 §. 224.
444 1681 691 1911 M
694 1678 2614 1768 an laͤſſet eine Diſſonanz, die ſich abſteigend aufloͤſen ſollte, oͤfters
719 1771 2613 1856 in einer Oberſtimme uͤber ſich gehen. Die Note, worauf
720 1861 2608 1944 ſolche herabgehen ſollte, findet ſich alsdenn in einer andern
452 1948 2385 2033 Stimme. Dieſer Freyheit muß man ſich ſelten bedienen.
2381 2034 2600 2118 §. 225.
532 2240 2605 2319 hhh) Da die Accorde gis h d f Da der verminderteSeptimenaccord gis h
452 2317 2606 2406 und e gis h d nur in Anſehung der No⸗ d f, und der Septimenaccord h d f a
451 2403 2602 2476 ten e und f von einander unterſchieden in nichts anderm, als den beyden No⸗
452 2481 2604 2553 ſind: ſo kann man einen diatoniſchen Ge⸗ ten gis und a unterſchieden: ſo kann
452 2556 2601 2634 ſang von dieſen beyden Noten formiren, man aus eben der Urſache folgende Saͤtze
453 2639 1813 2723 als: formiren:
664 2710 2121 2866 QN
707 2841 1678 2912 i
464 3071 2551 3186 n
465 3107 2342 3220 E E
532 2240 1507 2319 hhh) Da die Accorde gis h d f
452 2327 1512 2406 und e gis h d nur in Anſehung der No⸗
451 2404 1493 2476 ten e und f von einander unterſchieden
452 2481 1494 2549 ſind: ſo kann man einen diatoniſchen Ge⸗
452 2563 1493 2634 ſang von dieſen beyden Noten formiren,
453 2647 558 2698 als:
1558 2241 2605 2319 Da der verminderteSeptimenaccord gis h
1558 2317 2606 2393 d f, und der Septimenaccord h d f a
1559 2403 2602 2469 in nichts anderm, als den beyden No⸗
1559 2481 2604 2553 ten gis und a unterſchieden: ſo kann
1559 2556 2601 2630 man aus eben der Urſache folgende Saͤtze
1559 2639 1813 2703 formiren:
