<pc:PcGts xmlns:pc="http://schema.primaresearch.org/PAGE/gts/pagecontent/2019-07-15" xmlns:xsi="http://www.w3.org/2001/XMLSchema-instance" xsi:schemaLocation="http://schema.primaresearch.org/PAGE/gts/pagecontent/2019-07-15 http://schema.primaresearch.org/PAGE/gts/pagecontent/2019-07-15/pagecontent.xsd">
    <pc:Metadata>
        <pc:Creator>OCR-D/core 2.4.4</pc:Creator>
        <pc:Created>2021-01-10T21:43:51</pc:Created>
        <pc:LastChange>2021-01-10T21:43:51</pc:LastChange>
        <pc:MetadataItem type="processingStep" name="preprocessing/optimization/binarization" value="ocrd-olena-binarize">
            <pc:Labels>
                <pc:Label value="sauvola" type="impl"/>
                <pc:Label value="0.34" type="k"/>
                <pc:Label value="101" type="win-size"/>
            </pc:Labels>
        </pc:MetadataItem>
        <pc:MetadataItem type="processingStep" name="preprocessing/optimization/cropping" value="ocrd-anybaseocr-crop">
            <pc:Labels>
                <pc:Label value="True" type="force"/>
                <pc:Label value="0.04" type="colSeparator"/>
                <pc:Label value="0.3" type="maxRularArea"/>
                <pc:Label value="0.05" type="minArea"/>
                <pc:Label value="0.01" type="minRularArea"/>
                <pc:Label value="0.75" type="positionBelow"/>
                <pc:Label value="0.4" type="positionLeft"/>
                <pc:Label value="0.6" type="positionRight"/>
                <pc:Label value="10.0" type="rularRatioMax"/>
                <pc:Label value="3.0" type="rularRatioMin"/>
                <pc:Label value="0.95" type="rularWidth"/>
                <pc:Label value="page" type="operation_level"/>
            </pc:Labels>
        </pc:MetadataItem>
        <pc:MetadataItem type="processingStep" name="layout/segmentation/region" value="ocrd-tesserocr-segment-region">
            <pc:Labels externalModel="ocrd-tool" externalId="parameters">
                <pc:Label value="-1" type="dpi"/>
                <pc:Label value="True" type="overwrite_regions"/>
                <pc:Label value="0" type="padding"/>
                <pc:Label value="False" type="crop_polygons"/>
                <pc:Label value="True" type="find_tables"/>
                <pc:Label value="False" type="sparse_text"/>
            </pc:Labels>
        </pc:MetadataItem>
        <pc:MetadataItem type="processingStep" name="layout/segmentation/line" value="ocrd-tesserocr-segment-line">
            <pc:Labels externalModel="ocrd-tool" externalId="parameters">
                <pc:Label value="-1" type="dpi"/>
                <pc:Label value="True" type="overwrite_lines"/>
            </pc:Labels>
        </pc:MetadataItem>
        <pc:MetadataItem type="processingStep" name="layout/segmentation/region" value="ocrd-cis-ocropy-clip">
            <pc:Labels externalModel="ocrd-tool" externalId="parameters">
                <pc:Label value="line" type="level-of-operation"/>
                <pc:Label value="-1" type="dpi"/>
                <pc:Label value="0.7" type="min_fraction"/>
            </pc:Labels>
        </pc:MetadataItem>
        <pc:MetadataItem type="processingStep" name="recognition/text-recognition" value="ocrd-calamari-recognize">
            <pc:Labels externalModel="ocrd-tool" externalId="parameters">
                <pc:Label value="/data/models/calamari/GT4HistOCR/*.ckpt.json" type="checkpoint"/>
                <pc:Label value="confidence_voter_default_ctc" type="voter"/>
                <pc:Label value="line" type="textequiv_level"/>
                <pc:Label value="0.001" type="glyph_conf_cutoff"/>
            </pc:Labels>
        </pc:MetadataItem>
    </pc:Metadata>
    <pc:Page imageFilename="OCR-D-IMG/Marpurg_1757-138.png" imageWidth="2973" imageHeight="3580" type="content">
        <pc:AlternativeImage filename="OCR-D-IMG-BIN/OCR-D-BIN_Marpurg_1757-138-BIN_sauvola.png" comments="binarized"/>
        <pc:AlternativeImage filename="OCR-D-IMG-CROP/OCR-D-IMG-CROP_Marpurg_1757-138.png" comments="binarized,cropped"/>
        <pc:Border>
            <pc:Coords points="415,193 2532,193 2532,3261 415,3261"/>
        </pc:Border>
        <pc:ReadingOrder>
            <pc:OrderedGroup id="reading-order">
                <pc:RegionRefIndexed index="0" regionRef="region_id_0"/><pc:RegionRefIndexed index="1" regionRef="region_id_1"/><pc:RegionRefIndexed index="2" regionRef="region_id_2"/><pc:RegionRefIndexed index="3" regionRef="region_id_3"/><pc:RegionRefIndexed index="4" regionRef="region_id_4"/><pc:RegionRefIndexed index="5" regionRef="region_id_5"/><pc:RegionRefIndexed index="6" regionRef="region_id_6"/></pc:OrderedGroup>
        </pc:ReadingOrder>
        <pc:TextRegion id="region_id_0" type="page-number"><pc:Coords points="2404,316 2404,203 2548,203 2548,316 2404,316"/><pc:TextLine id="region_id_0_line0000"><pc:Coords points="2404,316 2404,203 2548,203 2548,316 2404,316"/><pc:TextEquiv conf="0.6702218055725098"><pc:Unicode>119</pc:Unicode></pc:TextEquiv></pc:TextLine><pc:TextEquiv><pc:Unicode>119</pc:Unicode></pc:TextEquiv></pc:TextRegion><pc:GraphicRegion id="region_id_1" type="decoration"><pc:Coords points="379,322 379,428 2567,428 2567,322 379,322"/><pc:TextEquiv><pc:Unicode/></pc:TextEquiv></pc:GraphicRegion><pc:TextRegion id="region_id_2" type="heading" custom="level_1"><pc:Coords points="379,453 379,1053 2617,1053 2617,453 379,453"/><pc:TextLine id="region_id_2_line0000"><pc:Coords points="379,453 379,1053 2617,1053 2617,453 379,453"/><pc:TextEquiv conf="0.9941390752792358"><pc:Unicode>Anmerkungen des Ueberſetzers,</pc:Unicode></pc:TextEquiv></pc:TextLine><pc:TextLine id="region_id_2_line0001"><pc:Coords points="379,453 379,1053 2617,1053 2617,453 379,453"/><pc:TextEquiv conf="0.9620321989059448"><pc:Unicode>uͤber einige Oerter</pc:Unicode></pc:TextEquiv></pc:TextLine><pc:TextLine id="region_id_2_line0002"><pc:Coords points="379,453 379,1053 2617,1053 2617,453 379,453"/><pc:TextEquiv conf="0.9815871119499207"><pc:Unicode>der vorhergehenden d Alembertiſchen Einleitung</pc:Unicode></pc:TextEquiv></pc:TextLine><pc:TextLine id="region_id_2_line0003"><pc:Coords points="379,453 379,1053 2617,1053 2617,453 379,453"/><pc:TextEquiv conf="0.9923946857452393"><pc:Unicode>in die muſicaliſche Setzkunſt.</pc:Unicode></pc:TextEquiv></pc:TextLine><pc:TextEquiv><pc:Unicode>Anmerkungen des Ueberſetzers,
uͤber einige Oerter
der vorhergehenden d Alembertiſchen Einleitung
in die muſicaliſche Setzkunſt.</pc:Unicode></pc:TextEquiv></pc:TextRegion><pc:SeparatorRegion id="region_id_3"><pc:Coords points="1111,1160 1111,1085 1829,1085 1829,1160 1111,1160"/><pc:TextEquiv><pc:Unicode/></pc:TextEquiv></pc:SeparatorRegion><pc:TextRegion id="region_id_4" type="other" custom="list"><pc:Coords points="380,1221 373,3172 2535,3172 2535,1191 380,1221"/><pc:TextLine id="region_id_4_line0000"><pc:Coords points="380,1221 373,3172 2535,3172 2535,1191 380,1221"/><pc:TextEquiv conf="0.8630381226539612"><pc:Unicode>()</pc:Unicode></pc:TextEquiv></pc:TextLine><pc:TextLine id="region_id_4_line0001"><pc:Coords points="380,1221 373,3172 2535,3172 2535,1191 380,1221"/><pc:TextEquiv conf="0.9959631562232971"><pc:Unicode>elodie. Der Verfaſſer beſchreibt einen guten Geſang oder eine</pc:Unicode></pc:TextEquiv></pc:TextLine><pc:TextLine id="region_id_4_line0002"><pc:Coords points="380,1221 373,3172 2535,3172 2535,1191 380,1221"/><pc:TextEquiv conf="0.9985644221305847"><pc:Unicode>gute Melodie; denn eine Reihe auf einander folgender Toͤne, die</pc:Unicode></pc:TextEquiv></pc:TextLine><pc:TextLine id="region_id_4_line0003"><pc:Coords points="380,1221 373,3172 2535,3172 2535,1191 380,1221"/><pc:TextEquiv conf="0.9902166724205017"><pc:Unicode>das Gehoͤr verletzen, iſt auch ein Geſang, obwohl ein boͤſer Geſang.</pc:Unicode></pc:TextEquiv></pc:TextLine><pc:TextLine id="region_id_4_line0004"><pc:Coords points="380,1221 373,3172 2535,3172 2535,1191 380,1221"/><pc:TextEquiv conf="0.9978638887405396"><pc:Unicode>Der Geſang oder die Melodie iſt an ſich nichts anders, als eine Reihe hinter</pc:Unicode></pc:TextEquiv></pc:TextLine><pc:TextLine id="region_id_4_line0005"><pc:Coords points="380,1221 373,3172 2535,3172 2535,1191 380,1221"/><pc:TextEquiv conf="0.9952384829521179"><pc:Unicode>einander folgender Toͤne.</pc:Unicode></pc:TextEquiv></pc:TextLine><pc:TextLine id="region_id_4_line0006"><pc:Coords points="380,1221 373,3172 2535,3172 2535,1191 380,1221"/><pc:TextEquiv conf="0.9968075752258301"><pc:Unicode>(2) Es wird hier wieder eine gute Harmonie gemeynet. Denn die</pc:Unicode></pc:TextEquiv></pc:TextLine><pc:TextLine id="region_id_4_line0007"><pc:Coords points="380,1221 373,3172 2535,3172 2535,1191 380,1221"/><pc:TextEquiv conf="0.996613621711731"><pc:Unicode>Harmonie an ſich iſt nichts anders, als eine Reihe hinter einander folgender Ac⸗</pc:Unicode></pc:TextEquiv></pc:TextLine><pc:TextLine id="region_id_4_line0008"><pc:Coords points="380,1221 373,3172 2535,3172 2535,1191 380,1221"/><pc:TextEquiv conf="0.9974895119667053"><pc:Unicode>corde, oder eine Folge uͤber einander verbundener Toͤne.</pc:Unicode></pc:TextEquiv></pc:TextLine><pc:TextLine id="region_id_4_line0009"><pc:Coords points="380,1221 373,3172 2535,3172 2535,1191 380,1221"/><pc:TextEquiv conf="0.9846704602241516"><pc:Unicode>() Die benden Zeichen, das und b, werden Verſetzungszeichen ge⸗</pc:Unicode></pc:TextEquiv></pc:TextLine><pc:TextLine id="region_id_4_line0010"><pc:Coords points="380,1221 373,3172 2535,3172 2535,1191 380,1221"/><pc:TextEquiv conf="0.9909670948982239"><pc:Unicode>nennet; das heißt ein Erhoͤhungs⸗ und das b ein Erniedrigungszeichen.</pc:Unicode></pc:TextEquiv></pc:TextLine><pc:TextLine id="region_id_4_line0011"><pc:Coords points="380,1221 373,3172 2535,3172 2535,1191 380,1221"/><pc:TextEquiv conf="0.9981282353401184"><pc:Unicode>Es wird ihnen das Wiederherſtellungszeichen, welches man insgemein</pc:Unicode></pc:TextEquiv></pc:TextLine><pc:TextLine id="region_id_4_line0012"><pc:Coords points="380,1221 373,3172 2535,3172 2535,1191 380,1221"/><pc:TextEquiv conf="0.9942139983177185"><pc:Unicode>b quadratum, oder ein viereckichtes b nennet, entgegen geſetzet. Selbiges</pc:Unicode></pc:TextEquiv></pc:TextLine><pc:TextLine id="region_id_4_line0013"><pc:Coords points="380,1221 373,3172 2535,3172 2535,1191 380,1221"/><pc:TextEquiv conf="0.991918683052063"><pc:Unicode>hat die Kraft des Erhoͤhungs⸗ und Erniedrigungszeichens, und ſetzet eine Note</pc:Unicode></pc:TextEquiv></pc:TextLine><pc:TextLine id="region_id_4_line0014"><pc:Coords points="380,1221 373,3172 2535,3172 2535,1191 380,1221"/><pc:TextEquiv conf="0.9985877275466919"><pc:Unicode>wieder in ihren vorigen Platz.</pc:Unicode></pc:TextEquiv></pc:TextLine><pc:TextLine id="region_id_4_line0015"><pc:Coords points="380,1221 373,3172 2535,3172 2535,1191 380,1221"/><pc:TextEquiv conf="0.9879131317138672"><pc:Unicode>(4) Der Verfaſſer richtet ſeine Gedanken, bey Erklaͤrung der Diſſonanzen,</pc:Unicode></pc:TextEquiv></pc:TextLine><pc:TextLine id="region_id_4_line0016"><pc:Coords points="380,1221 373,3172 2535,3172 2535,1191 380,1221"/><pc:TextEquiv conf="0.9969717860221863"><pc:Unicode>lediglich auf einen diſſonirenden zweyſtimmigen Satz, das iſt, auf bloße</pc:Unicode></pc:TextEquiv></pc:TextLine><pc:TextLine id="region_id_4_line0017"><pc:Coords points="380,1221 373,3172 2535,3172 2535,1191 380,1221"/><pc:TextEquiv conf="0.9911738038063049"><pc:Unicode>Jntervalle, wie man aus den gegebenen Exempeln ſiehet. Denn in einem mehr⸗</pc:Unicode></pc:TextEquiv></pc:TextLine><pc:TextLine id="region_id_4_line0018"><pc:Coords points="380,1221 373,3172 2535,3172 2535,1191 380,1221"/><pc:TextEquiv conf="0.9992597699165344"><pc:Unicode>ſtimmigen diſſonirenden Accorde machen die denſelben formirenden Toͤne niemals</pc:Unicode></pc:TextEquiv></pc:TextLine><pc:TextLine id="region_id_4_line0019"><pc:Coords points="380,1221 373,3172 2535,3172 2535,1191 380,1221"/><pc:TextEquiv conf="0.9915410876274109"><pc:Unicode>alle zuſammen Diſſonanzen unter ſich; z. E. in dem Septimenaccorde c e g b</pc:Unicode></pc:TextEquiv></pc:TextLine><pc:TextLine id="region_id_4_line0020"><pc:Coords points="380,1221 373,3172 2535,3172 2535,1191 380,1221"/><pc:TextEquiv conf="0.9954007863998413"><pc:Unicode>finden ſich an reinen Conſonanzen gegen den Grundton die Quinte c g, und die</pc:Unicode></pc:TextEquiv></pc:TextLine><pc:TextLine id="region_id_4_line0021"><pc:Coords points="380,1221 373,3172 2535,3172 2535,1191 380,1221"/><pc:TextEquiv conf="0.9938796758651733"><pc:Unicode>große Terz ce; ferner in den Mittelſtimmen die kleinen Terzen e g, und g b.</pc:Unicode></pc:TextEquiv></pc:TextLine><pc:TextLine id="region_id_4_line0022"><pc:Coords points="380,1221 373,3172 2535,3172 2535,1191 380,1221"/><pc:TextEquiv conf="0.9720628261566162"><pc:Unicode>() Man ſehe die hiſtoriſch. kritiſchen Beytraͤge lI Band, 4 St. Seite 303</pc:Unicode></pc:TextEquiv></pc:TextLine><pc:TextLine id="region_id_4_line0023"><pc:Coords points="380,1221 373,3172 2535,3172 2535,1191 380,1221"/><pc:TextEquiv conf="0.9870197772979736"><pc:Unicode>und 304, wo man des Nikomachi und Gaudentii hiermit uͤbereinkommende Er⸗</pc:Unicode></pc:TextEquiv></pc:TextLine><pc:TextLine id="region_id_4_line0024"><pc:Coords points="380,1221 373,3172 2535,3172 2535,1191 380,1221"/><pc:TextEquiv conf="0.9973346590995789"><pc:Unicode>klaͤrung der Diſſonanzen finden wird.</pc:Unicode></pc:TextEquiv></pc:TextLine><pc:TextEquiv><pc:Unicode>()
elodie. Der Verfaſſer beſchreibt einen guten Geſang oder eine
gute Melodie; denn eine Reihe auf einander folgender Toͤne, die
das Gehoͤr verletzen, iſt auch ein Geſang, obwohl ein boͤſer Geſang.
Der Geſang oder die Melodie iſt an ſich nichts anders, als eine Reihe hinter
einander folgender Toͤne.
(2) Es wird hier wieder eine gute Harmonie gemeynet. Denn die
Harmonie an ſich iſt nichts anders, als eine Reihe hinter einander folgender Ac⸗
corde, oder eine Folge uͤber einander verbundener Toͤne.
() Die benden Zeichen, das und b, werden Verſetzungszeichen ge⸗
nennet; das heißt ein Erhoͤhungs⸗ und das b ein Erniedrigungszeichen.
Es wird ihnen das Wiederherſtellungszeichen, welches man insgemein
b quadratum, oder ein viereckichtes b nennet, entgegen geſetzet. Selbiges
hat die Kraft des Erhoͤhungs⸗ und Erniedrigungszeichens, und ſetzet eine Note
wieder in ihren vorigen Platz.
(4) Der Verfaſſer richtet ſeine Gedanken, bey Erklaͤrung der Diſſonanzen,
lediglich auf einen diſſonirenden zweyſtimmigen Satz, das iſt, auf bloße
Jntervalle, wie man aus den gegebenen Exempeln ſiehet. Denn in einem mehr⸗
ſtimmigen diſſonirenden Accorde machen die denſelben formirenden Toͤne niemals
alle zuſammen Diſſonanzen unter ſich; z. E. in dem Septimenaccorde c e g b
finden ſich an reinen Conſonanzen gegen den Grundton die Quinte c g, und die
große Terz ce; ferner in den Mittelſtimmen die kleinen Terzen e g, und g b.
() Man ſehe die hiſtoriſch. kritiſchen Beytraͤge lI Band, 4 St. Seite 303
und 304, wo man des Nikomachi und Gaudentii hiermit uͤbereinkommende Er⸗
klaͤrung der Diſſonanzen finden wird.</pc:Unicode></pc:TextEquiv></pc:TextRegion><pc:TextRegion id="region_id_5" type="drop-capital"><pc:Coords points="416,1502 410,1303 530,1262 661,1279 660,1500 416,1502"/><pc:TextLine id="region_id_5_line0000"><pc:Coords points="416,1502 410,1303 530,1262 661,1279 660,1500 416,1502"/><pc:TextEquiv conf="0.996608555316925"><pc:Unicode>M</pc:Unicode></pc:TextEquiv></pc:TextLine><pc:TextEquiv><pc:Unicode>M</pc:Unicode></pc:TextEquiv></pc:TextRegion><pc:TextRegion id="region_id_6" type="footer"><pc:Coords points="2248,3266 2248,3179 2492,3179 2492,3266 2248,3266"/><pc:TextLine id="region_id_6_line0000"><pc:Coords points="2248,3266 2248,3179 2492,3179 2492,3266 2248,3266"/><pc:TextEquiv conf="0.9144609570503235"><pc:Unicode>(6) Daß</pc:Unicode></pc:TextEquiv></pc:TextLine><pc:TextEquiv><pc:Unicode>(6) Daß</pc:Unicode></pc:TextEquiv></pc:TextRegion></pc:Page>
</pc:PcGts>