2973 3704
406 178 561 327 58
988 185 2106 288 1Buch. XVI Cap. Von der
386 340 2688 1620 machet hat, muß vielmehr auf das e herabgehen, als zum g hinauf
386 340 2688 1620 ſteigen, obgleich ſowohl das g als e in dem folgenden Accorde c, e, g, c
386 340 2688 1620 vorhanden ſind; weil es viel natuͤrlicher iſt, daß das g in derjenigen
386 340 2688 1620 Partie verbleibet, wo es ſchon einmal gehoͤret worden, waͤhrender
386 340 2688 1620 Zeit die aͤndre Partie f hatte, wie man aus folgender Vorſtellung
386 340 2688 1620 zwiſchen der erſten und vierten Partie ſiehet:
386 340 2688 1620 Erſte Partie. fe
386 340 2688 1620 see,,e-, n
386 340 2688 1620 Dritte⸗⸗ de *n3——
386 340 2688 1620 Vierte⸗⸗ g g —n
386 340 2688 1620 rrmies E
1382 1620 1699 1723 §. 127.
432 1723 2656 2008 Aus eben dem Grunde muß in dem Accorde d f a c und dem
432 1723 2656 2008 folgenden g, h, d, f die Diſſonanz c vielmehr auf h herabgehen, als
432 1723 2656 2008 zum d hinaufſteigen.
1369 2008 1693 2086 §. 128.
451 2099 2643 2493 Endlich kann man aus eben dieſen Urſachen beweiſen, daß in
451 2099 2643 2493 dem Accorde der Unterdominante f a, c, d, die Diſſonanz d vielmehr zu
451 2099 2643 2493 dem e des folgenden Accords c,e, g, c hinauf⸗ als auf das c herabſtei⸗
451 2099 2643 2493 gen muß. Hieraus entſpringen folgende Regeln (26).
1389 2519 1705 2609 §. 129.
516 2622 2643 3204 1) Jn jedem Accorde der Dominante, es mag ſelbige toniſch oder
516 2622 2643 3204 ſimpel ſeyn, muß die Note, welche die Septime, das iſt, die
516 2622 2643 3204 Diſſonanz machet, auf eine der conſonirenden Noten des folgen⸗
516 2622 2643 3204 den Accords, diatoniſch herabſteigen.
516 2622 2643 3204 2) Jn jedem Accorde der Unterdominante, muß die Diſſonanz auf
516 2622 2643 3204 die Terz des folgenden Accords hinaufſteigen.
2365 3256 2617 3392 §. 130.
