2973 3702
456 182 563 288 30
751 157 2372 258 1Buch. VI Cap. Von der Temperatur.
451 309 2711 491 unmoͤglich eine reine große Terz gegen C und zugleich eine relne
451 309 2711 491 Quinte oder reine Quarte von A machen kann.
1409 516 1692 613 §. 65.
451 623 2685 1084 Noch mehr: Wenn man auf eben die Art, als man die Seyten
451 623 2685 1084 C, G, D, A, E geſtimmet hat, das iſt, Quinten und Quartenweiſe,
451 623 2685 1084 den Proceß fortſetzet, und die Seyten E, H, Fis, Cis, Gis, Dis,
451 623 2685 1084 Ais, Eis, His, ſtimmet: ſo wird man finden, daß dieſes His im ge⸗
451 623 2685 1084 ringſten nicht mit dem C uͤbereintrifft, ſondern hoͤher, als daſſelbe iſt t).
2427 1074 2675 1170 Gleich⸗
456 1185 1556 1844 alſo 4. Der Werth des E, als Un⸗
456 1185 1556 1844 terquarte von A iſt alſo . Wenn nun
456 1185 1556 1844 E, als die große Terz von C oder
456 1185 1556 1844 iſt: ſo verhalten ſich dieſe beyden E
456 1185 1556 1844 folglich wie i gegen 80; und folglich iſt
456 1185 1556 1844 es unmoͤglich, daß E zugleich eine reine
456 1185 1556 1844 Terz von C, und eine reine Unterquarte
456 1185 1556 1844 von A abgeben kann.
466 1837 1545 2164 t) Jn der That, wenn man die Quin⸗
466 1837 1545 2164 ten und Quarten einer Octave auf ſolche
466 1837 1545 2164 Art wechſelsweiſe durchſtimmet: ſo iſt die
466 1837 1545 2164 Operation folgende:
471 2151 1561 3296 C, G Quinte, d Quarte, A Quinte,
471 2151 1561 3296 e Quarte, H Quinte, fis Quarte, cis
471 2151 1561 3296 Quinte, gis Quarte, dis Quinte, ais
471 2151 1561 3296 Quarte, eis Quinte, his Quarte. Nun
471 2151 1561 3296 kann man leicht berechnen, daß, wenn das
471 2151 1561 3296 erſte C1 iſt, G ſeyn wird, D3,
471 2151 1561 3296 A43, E u. ſ. w. bis his, welches
471 2151 1561 3296 erſcheinet wie 84. Dieſer Bruch
471 2151 1561 3296 iſt augeuſcheinlich groͤßer, als die Zahl 2,
471 2151 1561 3296 die die reine Octave von C bezeichnet;
471 2151 1561 3296 und die Unteroctave von his wuͤrde die
471 2151 1561 3296 Haͤlfte dieſes Bruchs machen, naͤmlich
471 2151 1561 3296 4, und dieſer Bruch iſt augen⸗
471 2151 1561 3296 ſcheinlich groͤßer, als die Zahl 1, die die
1581 1196 2681 2538 Einheit vorſtellet. Der oberſte Terminus
1581 1196 2681 2538 in dieſem letzten Bruche iſt nichts anders,
1581 1196 2681 2538 als eine I1 mal in ſich ſelbſt multiplicirte 3,
1581 1196 2681 2538 und der untere Terminus eine 18 mal in ſich
1581 1196 2681 2538 ſelbſt multiplicirte 2. Es giebet es der
1581 1196 2681 2538 Augenſchein, daß dieſer den Werth des
1581 1196 2681 2538 his andeutende Bruch, nicht der den
1581 1196 2681 2538 Werth des C andeutenden Einheit gleich
1581 1196 2681 2538 iſt, obgleich auf dem Claviere die Toͤne
1581 1196 2681 2538 his und c vermenget werden. Dieſer
1581 1196 2681 2538 Bruch (15) uͤbertrift die Einheit um
1581 1196 2681 2538 t, das iſt ungefaͤhr um , und
1581 1196 2681 2538 dieſe Differenz wird das pythagoriſche
1581 1196 2681 2538 Comma genennet, und iſt weit betraͤch⸗
1581 1196 2681 2538 tiger, wie man ſehen kann, als das bey
1581 1196 2681 2538 der Anmerk. (p) erklaͤrte Comma, wel⸗
1581 1196 2681 2538 ches nur wie iſt.
1577 2553 2688 3273 Man hat bemerket, daß die Fort⸗
1577 2553 2688 3273 ſchreitung der Quinten ein von dm c un⸗
1577 2553 2688 3273 terſchiedenes his giebet. Die Fort⸗
1577 2553 2688 3273 ſchreitung der großen Terzen brin⸗
1577 2553 2688 3273 get noch eine andre Differenz hervor.
1577 2553 2688 3273 Wir ſetzen die Progreßion c, e, gis, his.
1577 2553 2688 3273 Das e iſt , das gis F, und das his
1577 2553 2688 3273 , wovon die Unteroctave H giebet.
1577 2553 2688 3273 Hieraus iſt klar, daß das his nur Hr,
2552 3262 2673 3337 das
426 1170 2710 3374 alſo 4. Der Werth des E, als Un⸗ Einheit vorſtellet. Der oberſte Terminus
426 1170 2710 3374 terquarte von A iſt alſo . Wenn nun in dieſem letzten Bruche iſt nichts anders,
426 1170 2710 3374 E, als die große Terz von C, oder als eine in mal in ſich ſelbſt multiplicirte 3,
426 1170 2710 3374 Z iſt: ſo verhalten ſich dieſe beyden E und der untere Terminus eine i8 mal in ſich
426 1170 2710 3374 folglich wie i gegen 80; und folglich iſt ſelbſt multiplicirte 2. Es giebet es der
426 1170 2710 3374 es unmoͤglich, daß E zugleich eine reine Augenſchein, daß dieſer den Werth des
426 1170 2710 3374 Terz von C, und eine reine Unterquarte his andeutende Bruch, nicht der den
426 1170 2710 3374 von A abgeben kann. Werth des C andeutenden Einheit gleich
426 1170 2710 3374 t) Jn der That, wenn man die Quin⸗ iſt, obgleich auf dem Claviere die Toͤne
426 1170 2710 3374 ten und Quarten einer Octave auf ſolche his und c vermenget werden. Dieſer
426 1170 2710 3374 Art wechſelsweiſe durchſtimmet: ſo iſt die Bruch (15) uͤbertrift die Einheit um
426 1170 2710 3374 Operation folgende: r, das iſt ungefaͤhr um , und
426 1170 2710 3374 C, G Quinte, d Quarte, A Quinte, dieſe Differenz wird das pythagoriſche
426 1170 2710 3374 e Quarte, Quinte, fis Quarte, cis Comma genennet, und iſt weit betraͤch⸗
426 1170 2710 3374 Quinte, gis Quarte, dis Quinte, ais tiger, wie man ſehen kann, als das bey
426 1170 2710 3374 Quarte, eis Quinte, his Quarte. Nun der Anmerk. (p) erklaͤrte Comma, wel⸗
426 1170 2710 3374 kann man leicht berechnen, daß, wenn das ches nur wie iſt.
426 1170 2710 3374 erſte Ciſt, G 4 ſeyn wird, D3, Man hat bemerket, daß die Fort⸗
426 1170 2710 3374 A 4, E u. ſ. w. bis his, welches ſchreitung der Quinten ein von dn c un⸗
426 1170 2710 3374 erſcheinet wie H4. Dieſer Bruch terſchiedenes his giebet. Die Fort⸗
426 1170 2710 3374 iſt augeuſcheinlich groͤßer, als die Zahl 2, ſchreitung der großen Terzen brin⸗
426 1170 2710 3374 die die reine Octave von C bezeichnet; get noch eine andre Differenz hervor.
426 1170 2710 3374 und die Unteroctave von his wuͤrde die Wir ſetzen die Progreßion c, e, gis, his.
426 1170 2710 3374 Haͤlfte dieſes Bruchs machen, naͤmlich Das e iſt , das gis ?4, und das his
426 1170 2710 3374 4E, und dieſer Bruch iſt augen⸗ , wovon die Unteroctave 1 giebet.
426 1170 2710 3374 ſcheinlich groͤßer, als die Zahl 1, die die Hieraus iſt klar, daß das his nur r,
426 1170 2710 3374 das
