2973 3712
2032 194 2114 273 s.
1887 190 2050 284 ſetzer
1426 183 1886 277 en des Ueber
1379 200 1422 280 g
1255 188 1379 264 kun
999 186 1253 267 Anmer
457 193 566 283 136
621 344 2645 432 (4z) Jn meiner Anleitung zum Clavierſpielen, ingleichen in dem Hand⸗
475 397 2643 432 — V vv v vv8 ¶ j s
461 397 2643 513 buche bey der Compoſition, findet man genugſamen Unterricht von den Wechſel⸗
466 509 1527 587 und durchgehenden Noten.
635 600 2031 715 (44 Erempel einer Vorbereitung der Diſſonanz:
635 1193 2430 1299 (4) Exempel einer Aufloͤſung der Diſſonanz im Herunterſteigen:
480 1837 2655 1920 und im Heraufſteigen nach dem Sinne des Verfaſſers, in Anſehung des Sert⸗
480 1925 1395 1993 quintenaccordst
514 1997 1942 2252 s
492 2232 1783 2315 53. .
643 2493 2649 2605 (46) Dieſe Folge von Saͤtzen iſt nicht gar zu aͤcht; in der Umkehrung iſt
488 2596 1617 2744 ſie beſſer, z. E. 5
1227 2702 1903 2744 7 5
