2973 3634
413 130 2418 295 1Buch. XVCap. Von der Vorbereitung der Diſſonanzen
2444 156 2552 271 5
1315 309 1600 397 §. 117.
370 404 2539 879 Wie man alſo von dem Accorde e, gis, h, d zu dem vollkomme⸗
370 404 2539 879 nen Accorde a, c, e , und umgekehrt, fortgehen kann: ſo kann man
370 404 2539 879 ebenfalls von dem Accorde gis, h, d, f zu dem Accorde a, C, r ,
370 404 2539 879 und umgekehrt, von dieſem letztern zu dem erſtern gis, h, d, f fort
370 404 2539 879 gehen. Dieſe Anmerkung wird uns in der Folge ſehr nuͤtzlich ſeyn.
496 1000 2406 1260 Funfzehntes Capitel.
496 1000 2406 1260 Von der Vorbereitung der Diſſonanzen.
1296 1285 1600 1387 §. u8.
378 1411 573 1680 J
572 1387 2545 1686 n jedem Septimenaccorde heißt die oberſte Note, das iſt, die
572 1387 2545 1686 Septime uͤber den Grundton, eine Diſſonanz. So iſt z E.
572 1387 2545 1686 f die Diſſonanz in g, h, d, f, und c in d, f, a,c.
1296 1710 1613 1787 §. n9.
376 1787 2552 2504 Wenn der Accord g, h, d, f, auf den Accord c, e, g,c folget,
376 1787 2552 2504 wie ſolches geſchehen kann, und ofters in der That geſchieht:, ſo iſt
376 1787 2552 2504 klar, daß die Diſſonanz f nicht in dem vorhergehenden Accorde c, e, g,6
376 1787 2552 2504 vorhanden iſt; und ſie muß in ſelbigem auch nicht vorhanden ſeyn:
376 1787 2552 2504 denn dieſe Diſſonanz iſt nichts anders, als die der Harmonie von der
376 1787 2552 2504 Dominante zur Beſtimmung des Tons hinzugefuͤgte Unterdominan⸗
376 1787 2552 2504 te; die Unterdominante aber iſt nicht in der Harmonie des Stamm⸗
376 1787 2552 2504 tons vorhanden.
1315 2484 1607 2579 §. 120.
370 2579 2558 2847 Aus eben dieſem Grunde findet ſich die Note d, die gegen c diſ
370 2579 2558 2847 ſoniret, nicht in dem vorhergehenden Accorde, wenn der Aceord f, ,
370 2579 2558 2847 e, d auf den Accord c, e, g, c folget.
370 2845 2572 3195 Nicht aber eben ſo verhaͤlt es ſich, wenn der Accord D, f, a, c
370 2845 2572 3195 auf den Accord c, e, g, c folget; denn c, welches in dem zweyten Ac⸗
370 2845 2572 3195 corde (d, f, a, c) diſſoniret, verhaͤlt ſich in dem vorhergehenden (f a,
370 2845 2572 3195 c, d) als eine Conſonanz (25).
2310 3194 2531 3276 §. 12i.
