2973 3632
1156 201 1787 291 des Grundbaſſes.
2441 229 2525 296 97
414 355 2520 449 dem Grundbaſſe die ſimple Dominante e mit dem Accorde e, g, h, d
413 445 2524 531 vorhanden iſt. Wenn man die Unterterz c allhier hinzufuͤget: ſo be⸗
413 529 2524 619 koͤmmt man den Accord c, e, g, h, d. Man laͤſſet aber die Septi⸗
410 620 2524 709 me h oͤfters weg. Die Urſache wird in der Anmerkung t) zu dem
411 704 2524 790 §. 219. erklaͤret werden. Jn dieſem Umſtande bleibet fuͤr den Accord
411 793 2523 881 nichts als die Terz, Quinte und None uͤbrig, und ſelbiger wird mit
410 880 1257 972 einer bloßen 9 beziffert ees).
1323 984 1590 1069 §. 218.
471 1088 2520 1176 Noch mehr, von dem aus dem Zuſatze der Unterquinte zu dem
407 1175 2520 1265 Accorded f ac entſtehenden Undecimenaccorde g d f a c
409 1218 2520 1349 ä iliiüj iX l
406 1354 2521 1440 Anzahl der Diſſonanzen zu vermeiden. Der Accord beſtehet alsdenn
405 1440 2523 1529 aus g, c, d, das iſt, aus einer Undecime und Quinte. Dieſer Ac⸗
406 1528 2521 1610 cord wird der Quintquartenaccord genennet, und mit einer bloßen
407 1616 2513 1700 4, oder mit 5 und 4 bezeichnet.
574 1727 2517 1820 Manchesmal wird nur die Septime oder None abgeſchnitten.
579 1821 2517 1912 Jn dem erſten Falle bleibet uͤbrig g, d,aa c; in dem andern
579 1908 957 1998 g, d, f, c.
1350 2000 1574 2080 §. 219.
579 2105 2519 2192 Ueber die Benennungen der durch die Unterſchiebung entſtehen⸗
408 2193 2515 2279 den Accorde ſind die Muſici nicht einig, insbeſondere derjenigen, die
403 2284 2516 2368 durch den Zuſatz der Unterquinte zu einem Septimenaccorde ent⸗
2306 2458 2513 2536 §. 220.
406 2597 2514 2672 Unterterz c hinzufuͤget: ſo iſt klar, daß allein von dieſem, ſondern auch von an⸗
406 2678 2512 2755 außer der in dem Stammactorde e g hd dern Nonenaccorden weglaſſen, wenn
407 2753 2120 2836 vorhandenen Diſſonanz zwiſchen e und man es fuͤr noͤthig findet.
407 2826 2511 2908 d, noch zwo andre Diſſonanzen naͤm⸗ fff) Man ſchneidet von den nnterge⸗
406 2910 2513 2978 lich c h und c d entſtehen. Solche ſchobenen Accorden oͤfters einige Diſfonan⸗
405 2984 2507 3059 muͤſſen nun ordentlich vorbereitet und zen ab, theils um die Haͤrte derſelben zu
407 3063 2510 3134 aufgeloͤſet werden. vermindern, theils, wenn ſolche nicht
484 3138 2511 3212 eee) Man kann die Septime nicht gehoͤrig vorbereitet oder aufgeloͤſet wer⸗
2075 3218 2507 3269 den
406 2597 1430 2672 Unterterz c hinzufuͤget: ſo iſt klar, daß
406 2678 1427 2755 außer der in dem Stammactorde e g h d
407 2761 1427 2836 vorhandenen Diſſonanz zwiſchen e und
407 2832 1425 2908 d, noch zwo andre Diſſonanzen naͤm⸗
406 2910 1427 2978 lich c h und c d entſtehen. Solche
405 2987 1425 3053 muͤſſen nun ordentlich vorbereitet und
407 3068 858 3123 aufaeloͤſet werden.
474 3129 1425 3199 eee) Man kann die Sevtime nicht
1493 2599 2514 2671 allein von dieſem, ſondern auch von an⸗
1490 2679 2512 2748 dern Nonenaccorden weglaſſen, wenn
1490 2753 2120 2812 man es fuͤr noͤthig findet.
1565 2826 2511 2901 fff) Man ſchneidet von den unterge⸗
1489 2910 2513 2975 ſchobenen Accorden oͤfters einige Diſfonan⸗
1488 2984 2507 3059 zen ab, theils um die Haͤrte derſelben zu
1487 3063 2510 3132 vermindern, theils, wenn ſolche nicht
1487 3138 2511 3193 aeboͤria vorbereitet oder aufaeloͤſet wer⸗
2421 3218 2507 3269 den
407 3205 1833 3293 Einleit. in die muſic. Setzk. N
