2973 3641
2433 182 2566 284 83
685 455 2230 748 Sechſtes Capitel.
685 455 2230 748 Regeln des Grundbaſſes.
1283 765 1590 864 §. 190.
386 878 606 1123 D
382 878 2547 1326 a die Noten aus dem Grundbaſſe keine andre Accorde, als
382 878 2547 1326 entweder den vollkommenen, Septimen⸗ oder Sextquintenac⸗
382 878 2547 1326 cord uͤber ſich haben koͤnnen: ſo ſind ſolche entweder toniſche
382 878 2547 1326 Noten, Dominanten, oder Unterdominanten, und die Dominan⸗
382 878 2547 1326 ten koͤnnen ſimple oder toniſche Dominanten ſeyn.
377 1329 2542 1775 Der Grundbaß ſoll, ſo viel moͤglich, allezeit mit einer toniſchen
377 1329 2542 1775 Note anheben. Hier folgen itzo die Regeln fuͤr alle folgenden Accor⸗
377 1329 2542 1775 de, Regeln die aus den im L Buche feſtgeſtellten Grundſaͤtzen augen⸗
377 1329 2542 1775 ſcheinlich entſpringen. Sich davon zu uͤberzeugen, brauchet man nur
377 1329 2542 1775 den §. 34. 82. 122. 124. 126. 127. zuruͤck zu leſen.
1194 1803 1721 1917 Erſte Regel.
378 1936 2541 2213 Jn jedem Accorde uͤber einer toniſchen Note, oder uͤber einer to⸗
378 1936 2541 2213 niſchen Dominante, muß zum wenigſten eine Note ſeyn, die ſchon in
378 1936 2541 2213 dem vorhergehenden Accorde gehoͤret worden iſt.
1157 2249 1762 2361 Zweyte Regel.
374 2381 2554 2673 Jn jedem Septimenaccorde uͤber einer ſimplen Dominante, muß
374 2381 2554 2673 die Diſſonanz oder die Septime, ſchon in dem vorhergehenden Accor⸗
374 2381 2554 2673 de als Conſonanz vorher liegen.
1162 2692 1734 2807 Dritte Regel.
380 2826 2535 3212 Jn jedem Accorde der Unterdominante muß zum wenigſten eine
380 2826 2535 3212 von den dazu gehorigen Conſonanzen, in dem vorhergehenden Accor⸗
380 2826 2535 3212 de enthalten ſeyn. Alſo muß in dem Accorde der Unterdominante
380 2826 2535 3212 f a, c, d, entweder das f, oder a, oder c in dem vorhergehenden
1577 3192 2541 3284 L 2 Accor⸗
