2973 3645
974 193 1924 289 Aufloͤſung der Diſſonanzen.
2428 215 2513 282 59
1303 352 1574 429 §. 130.
554 462 2499 563 Eine Diſſonanz, welche dieſen zwoen Regeln gemaͤß diatoniſch
377 555 2353 659 herab⸗oder hinaufſteiget, heißt eine aufgeloͤſete Diſſonanz.
462 665 2498 750 Es folget aus dieſer Regel, daß dem Accorde der Septime d, f, a, c,
554 745 2500 832 wenn er auch als ein umgekehrter Accord von f, a,c, d betrach⸗
550 835 2499 923 tet wird, nicht der Accord c, e, g, nachfolgen kann, weil in die⸗
549 923 2498 1010 ſem letzten Accorde kein h vorhanden iſt, worauf die Diſſonanz c
552 1011 2095 1092 aus d, f, a, c diatoniſch herabſteigen koͤnne.
379 1116 2500 1205 Man kann noch eine andre Urſache von dieſer Regel angeben, wenu
377 1201 2500 1289 man die Natur des Doppelgebrauchs der Diſſonanz unterſuchet.
376 1286 2500 1381 Wenn man naͤmlich von d, f, a, c zu cC, e, g, C gehen wollte, ſo muͤßte
375 1379 2502 1473 der Accord d, f, a,c in dieſem Falle als ein vermittelſt der Umkehrung
374 1465 2512 1565 von f, a,c, d entſpringender Accord betrachtet werden. Aber dieſer
378 1549 2499 1646 letztere Umſtand findet nicht eher ſtatt, als wenn der Accord d, f, a,c
377 1639 2501 1731 vor dem Accorde c, e, g, c unmittelbar vorhergehet, oder darauf folget.
377 1721 2501 1818 Jn jedem andern Falle iſt der Accord d, f, a,c ein urſpruͤnglicher und
379 1814 2501 1905 erſter Accord in ſeiner Art, der durch den Zuſatz der Diſſonanz e zu
377 1899 2503 1996 d, f, a gebildet worden, um durch dieſen Zuſatz dem Tone d das An⸗
381 1989 2500 2080 ſehen einer toniſchen Note zu benehmen. Folglich koͤnnte der Accord
379 2076 2502 2171 d, f, a,c nicht eher den Accord c,e, g, c auf ſich folgen laſſen, als wenn
381 2161 2503 2253 eben derſelbe vor ihm vorhergegangen waͤre. Aber in dieſem Falle
379 2248 2502 2341 wuͤrde der Doppelgebrauch ein ganz unnuͤtzes Ding ſeyn, weil man
381 2336 2499 2431 anſtatt folgender Reihe von Accorden c, e, g,c und d, f, a, c und c, e,
429 2423 2498 2518 ſch vl tuͤ licher der folgenden bedienen koͤnntec e gc und
382 2451 2500 2609 :rX XaiXXXarXair
384 2602 2501 2693 nen, daß man, vermittelſt der Umkehrung des Accords der Unter⸗
383 2690 2500 2775 dominante, von dieſem alſo umgekehrten Accorde, zu einem andern
386 2770 2498 2865 Accorde, als dem von der toniſchen Note, wohin er natuͤrlicher Weiſe
381 2865 2316 2961 hinfuͤhret, fortgehen koͤnne.
1517 3191 2501 3288 H 2 Sieben⸗
