2973 3685
443 164 585 280 64
579 158 2560 274 IBuch. XVI Cap. Von demchromat. Klanggeſchlechte.
424 325 2650 595 ben Tons auf das gis herunter. Denn dieſes gis, welches einen
424 325 2650 595 großen halben Ton unter a iſt, iſt um einen kleinen halben Ton groͤßer,
424 325 2650 595 als g. (Man ſehe die Anmerk. bey y und 2).
1402 634 1730 730 §. 142.
463 730 2675 1284 Jede Fortſchreitung des Grundbaſſes mit Terzen, großen und
463 730 2675 1284 kleinen, auf-und abwaͤrts, giebet den kleinen halben Ton. Wir ha⸗
463 730 2675 1284 ben ſolches bey den aufwaͤrts ſteigenden Terzen ſchon bemerket. Die
463 730 2675 1284 Fortſchreitung der kleinen Terzen c, a, im Herunterſteigen, giebet
463 730 2675 1284 c, cis be), und die Fortſchreitung der großen Terzen c, as, im Herun⸗
463 730 2675 1284 terſteigen, giebet c, ces 8).
1415 1290 1717 1387 §. 143.
476 1393 2701 1760 Der kleine halbe Ton machet das ſo genannte chromatiſche
476 1393 2701 1760 Klanggeſchlecht aus, und enthaͤlt mit dem diatoniſchen Klangge⸗
476 1393 2701 1760 ſchlechte, welches uns die Quintenfolgen geben (Cap. Vund V1), alle
514 1901 2611 2204 Neunzehntes Capitel.
514 1901 2611 2204 Von dem enharmoniſchen Klanggeſchlechte.
1421 2236 1717 2339 §. 144.
476 2332 681 2596 D
457 2339 2669 2802 ie beyden aͤußerſten Toͤne c, gis aus dem Grundbaſſe mit Ter⸗
457 2339 2669 2802 zen c, e, gis, geben dieſen Geſang c, his, und dieſe beyden
457 2339 2669 2802 Toͤne c, his ſind von einander um ein kleines Jntervall unter⸗
457 2339 2669 2802 ſchieden, welches man einen enharmoniſchen Viertheilston
457 2339 2669 2802 heißet aa). Dieſer enharmoniſche Viertheilston iſt die Differenz
2386 2808 2663 2898 zwiſchen
469 2918 1563 3265 bb) Wenn a iſt, ſo iſt cis 4aus
469 2918 1563 3265 z, das iſt , und c iſt 1. Folglich iſt
469 2918 1563 3265 das Verhaͤltniß von ct cis 1gegen HH
469 2918 1563 3265 oder 24 gegen 25.
1588 2911 2682 3156 ce) Wenn as iſt, ſo iſt ces aus
1588 2911 2682 3156 , das iſt 3z. Folglich iſt die Ration
1588 2911 2682 3156 von c: ces wie 2a: 2.
1653 3149 2675 3252 dch en gis z und his aus i
2547 3246 2656 3329 iſt:
456 2897 2704 3364 bb) Wenn a iſt, ſo iſt cis 4aus cc Wenn as iſt, ſo iſt ces aus
456 2897 2704 3364 z, das iſt 4, und c iſt1. Folglich iſt , das iſt 4. Folglich iſt die Ration
456 2897 2704 3364 das Verhaͤltniß von ct cis 1 gegen 44 von c: ces wie 24: 25.
456 2897 2704 3364 oder 24 gegen 25. dd) Wenn gis und his aus
456 2897 2704 3364 iſt:
