2973 3681
425 158 560 254 66
959 151 2147 286 1 Buch. XX Cap. Von dem
1408 325 1646 415 §. 145.
419 415 2642 935 Wir haben im § 1n6 gezeigt, auf was fuͤr eine Art man den
419 415 2642 935 aus lauter kleinen Terzen beſtehenden Accord gis, h, d, f in die kleine
419 415 2642 935 Tonart einfuͤhret. Da dieſer Accord die Stelle des Accords von der
419 415 2642 935 Dominante vertritt (§. 116): ſo kann man von dieſem Accorde zu
419 415 2642 935 dem Accorde von der toniſchen oder Stammnote a (§. 17) fortgehen.
419 415 2642 935 Aber es iſt zu beobachten,
425 942 2636 3255 1) daß dieſer Accord gis, h, d, f, auf folgende dreyfache Art
425 942 2636 3255 umgekehret werden kann, als:
425 942 2636 3255 1)h, d, f, gis.
425 942 2636 3255 2) d, f gis h.
425 942 2636 3255 ) f, gis h, d.
425 942 2636 3255 und daß er in allen dieſen drey verſchiedenen Stellungen aus drey
425 942 2636 3255 kleinen Terzen (33) zuſammengeſetzt bleibet, und zwar aus reinen
425 942 2636 3255 kleinen Terzen; zum wenigſten wird der Raum von f zu gis nur um
425 942 2636 3255 einen enharmoniſchen Viertheilston von der Reinigkeit der kleinen
425 942 2636 3255 Terz differiren. Denn die reine kleine Terz, wie z. E. e, g, in der dia⸗
425 942 2636 3255 toniſchen Leiter, beſtehet aus einem großen halben, und großen gan⸗
425 942 2636 3255 zen Tone. Wenn nun von f zu g ein großer ganzer Ton, und
425 942 2636 3255 von g zu gis nur ein kleiner halber Ton iſt: ſo fehlet (§. 144) dem
425 942 2636 3255 Jntervalle f, gis nur ein enharmoniſcher Viertheilston, um den rei⸗
425 942 2636 3255 nen Verhalt einer kleinen Terz zu haben.
425 942 2636 3255 2) Weil aber dieſer Viertheilston auf unſern Jnſtrumenten unbe⸗
425 942 2636 3255 kannt iſt, und von dem Ohre nicht zergliedert werden kann: ſo
425 942 2636 3255 nimmt das Ohr die drey verſchiedenen Accorde:
425 942 2636 3255 h, d, f gis,
425 942 2636 3255 d, f gis, h,
425 942 2636 3255 f gis, h, d,
425 942 2636 3255 die nur einen Accord im Grunde ausmachen, dergeſtalt an, als
425 942 2636 3255 wenn ſie aus lauter reinen kleinen Terzen beſtuͤnden.
425 942 2636 3255 Nun gehoͤret der Accord gis, h, d, f, der kleinen Tonart a, wo gis
425 942 2636 3255 die tonbezeichnende Note iſt;
1036 1135 1678 1424 2) d, f, gis, h.
1036 1135 1678 1424 3) f, gis, h, d.
2456 3261 2616 3377 Der
