2973 3698
480 196 552 260 14
1018 169 2101 262 IBuch. II Cap. Von dem
668 414 2380 521 Zweytes Capitel.
481 578 2653 714 Urſprung der beyden Tonarten. Von dem
588 721 2567 859 natuͤrlichſten Geſange, und von der vollkommenſten
1168 859 1782 968 Harmonie.
1455 1050 1660 1127 §. 25.
480 1143 635 1370 U
638 1144 2649 1232 m unſere Begriffe deſto mehr zu beſtimmen, wollen wir den
682 1234 2651 1323 von dem klingenden Koͤrper hervorgebrachten Ton c heißen.
631 1323 2663 1415 Vermoͤge der erſten Erfahrung iſt klar, daß dieſer Ton allezeit
478 1414 2650 1499 von ſeiner Duodecime und großen Decime. Septime, d. i. von der
479 1503 2651 1595 Octave der Quinte g, und der Doppeloctave der großen Terz e be⸗
476 1596 1387 1680 gleitet wird.
1452 1719 1670 1799 §. 26.
658 1794 2649 1904 Aus dieſer Octave von g und der Doppeloctave von e, mit dem
484 1907 2650 1996 Tone c vereinigt, entſpringet folglich der vollkommenſte Accord, weil
477 1990 2014 2084 dieſer Accord ein Werk der Natur iſt. ).
2437 2127 2650 2212 §. 27.
476 2259 2649 2335 vorgeſtellet wird, mit 2, 4, 8, u. ſ. w. tioniren kann, daß dieſer Accord ſeiner
477 2341 2649 2410 dividirt oder multiplicirt; weil man ver⸗ vollkommenen Wirkung faͤhig wird. Hr.
476 2418 2651 2489 mittelſt dieſer Operationen nichts weiter ameau hat dieſes in. dem Acte Pygma⸗
476 2499 2653 2568 thut, als daß man die einfache, doppel⸗ lion, Seite 34. wo Pygmalion die Wor⸗
479 2575 2650 2648 te oder dreyfache rc. Octave dieſes Tons te: Lamour triompe, mit dem Cho⸗
479 2654 2651 2727 nimmt, ein Ton ſich aber mit ſeiner Octa- re ſinget, mit dem gluͤcklichſten Erfolge
479 2736 2650 2805 ve im Gehoͤre vermiſcht. gethan. An dieſem Orte des Chors ma⸗
559 2805 2650 2887 f) Da der aus dem Stammtone der chen die beyden Baͤße, der Vocal⸗
478 2892 2649 2971 Duodecime, und großen Decime⸗Septime und Jnſtrumentalbaß, den Hauptton
481 2968 2650 3046 beſtehende Accord der natuͤrlichſte von und die Octave; der erſte Diskant
479 3049 2648 3120 allen iſt: ſo iſt er auch aus eben dieſer und der Alt machen dagegen die große
478 3130 2651 3200 Urſache der angenehmſte, beſonders, wenn Decime⸗ Septime und die Unteroctave der⸗
478 3207 2648 3282 der Componiſt die Stimmen und Jnſtru⸗ ſelben; der zweyte Diskant macht
476 3284 2284 3361 mente dergeſtalt gegen einander propor⸗ endlich die Duodecime.
476 2259 1533 2333 vorgeſtellet wird, mit 2, 4, 8, u. ſ. w.
477 2341 1532 2410 dividirt oder multiplicirt; weil man ver⸗
476 2418 1531 2487 mittelſt dieſer Operationen nichts weiter
476 2499 1533 2568 thut, als daß man die einfache, doppel⸗
479 2577 1533 2641 te oder dreyfache rc. Octave dieſes Tons
479 2656 1530 2724 nimmt, ein Ton ſich aber mit ſeiner Octa⸗
479 2736 1103 2799 ve im Gehoͤre vermiſcht.
559 2808 1533 2872 f) Da der aus dem Stammtone der
478 2893 1535 2961 Duodecime, und großen Decime⸗Septime
481 2968 1534 3038 beſtehende Accord der natuͤrlichſte von
479 3049 1531 3118 allen iſt: ſo iſt er auch aus eben dieſer
478 3130 1532 3198 Urſache der angenehmſte, beſonders, wenn
478 3207 1532 3276 der Componiſt die Stimmen und Jnſtru⸗
476 3284 1531 3357 mente dergeſtalt gegen einander propor⸗
1598 2264 2649 2335 tioniren kann, daß dieſer Aceord ſeiner
1596 2341 2649 2409 vollkommenen Wirkung faͤhig wird. Hr.
1594 2418 2651 2489 Rameau hat dieſes in. dem Acte Pygma⸗
1598 2500 2653 2568 lion, Seite 34. wo Pygmalion die Wor⸗
1596 2575 2650 2648 te: Lamour triomphe, mit dem Cho⸗
1597 2654 2651 2727 re ſinget, mit dem gluͤcklichſten Erfolge
1596 2736 2650 2805 gethan. An dieſem Orte des Chors ma⸗
1598 2805 2650 2887 chen die beyden Baͤße, der Vocal⸗
1597 2892 2649 2971 und Jnſtrumentalbaß, den Hauptton
1598 2972 2650 3046 und die Octave; der erſte Diskant
1597 3051 2648 3120 und der Alt machen dagegen die große
1596 3133 2651 3200 Decime. Septime und die Unteroctave der⸗
1594 3209 2648 3282 ſelben; der zweyte Diskant macht
1594 3292 2284 3361 endlich die Duodecime.
