2973 3702
445 172 613 301 74
969 159 2183 275 1Buch. I Cap. Vergleichung
1421 320 1750 424 §. 164.
464 437 2713 734 Wenn eine große Sexte um einen kleinen halben Ton erhoͤhet
464 437 2713 734 wird: ſo wird das daraus entſtehende Intervall eine ubermaͤßige
464 437 2713 734 Sexte genennet, z. E. f, dis [fn_hh)]).
633 947 2507 1264 Zweytes Capitel.
633 947 2507 1264 Vergleichung verſchiedener Jntervalle.
1414 1296 1705 1412 §. 165.
452 1412 739 1667 W
473 1395 2683 1787 enn man die abſteigende Secunde c, h, und hernach die auf⸗
473 1395 2683 1787 ſteigende Septime c, h anſtimmet: ſo machen die beyden
473 1395 2683 1787 Toͤne h eine Octave unter ſich, oder das eine h iſt die Re⸗
473 1395 2683 1787 plique von dem andern h.
1427 1784 1725 1868 §. 166.
451 1880 2661 2164 Hieraus folget, wegen der Uebereinſtimmung eines Tons mit
451 1880 2661 2164 ſeiner Octave (§. 24), daß es einerley geſaget iſt: eine Secunde
451 1880 2661 2164 abwaͤrts, oder eine Septime aufwarts gehen.
1437 2186 1702 2288 §. 167.
456 2295 2670 2575 Ferner iſt klar, daß die Sexte nichts anders, als eine Replique
456 2295 2670 2575 von der Terz, und die Quarte nichts anders, als eine Replique von
456 2295 2670 2575 der Quinte iſt.
1389 2577 1689 2671 §. 168.
445 2679 2658 2871 Es ſind alſo folgende Ausdruͤcke einerley, oder man kann ſie fuͤr
445 2679 2658 2871 einerley anſehen:
2484 2867 2647 2945 Eine
464 3034 1532 3272 hh) Der vornehmſte Gebtauch dieſer
464 3034 1532 3272 verſchiedenen Benennungen iſt, daß man
464 3034 1532 3272 dadurch die verſchiedeuen Accorde unter⸗
1568 3019 2652 3277 ſcheidet, z. E. Accord der uͤbermaͤßigen
1568 3019 2652 3277 Quinte, Accord der verminderten Septi⸗
1568 3019 2652 3277 me, u.ſ. w.
427 3002 2673 3301 hh) Der vornehmſte Gebrauch dieſer ſcheidet, z. E. Accord der uͤbermaͤßigen
427 3002 2673 3301 verſchiedenen Benennungen iſt, daß man Quinte, Accord der verminderten Septi⸗
427 3002 2673 3301 dadurch die verſchiedeuen Accorde unter⸗ me, u.ſ. w.
