2973 3707
455 167 561 268 32
754 157 2352 263 1Buch. vII Cap. Von der Temperatur.
648 314 2697 1314 oder, welches einerley iſt, in der abwechſelnden Quinten⸗ und
648 314 2697 1314 Quartenfolge C, G, d, A, e, h, ſis, cis, gis, dis, ais, eis,
648 314 2697 1314 his, nothwendig entweder alle Quinten, oder wenigſtens ei⸗
648 314 2697 1314 nige, etwas von ihrer arithmetiſchen Reinigkeit verlieren muͤſſen.
648 314 2697 1314 Da nun keine Urſache vorhanden iſt, warum man die eine eher, als
648 314 2697 1314 die andre veraͤndern ſollte: ſo folget daraus, daß wir ſie alle gleich
648 314 2697 1314 viel veraͤndern muͤſſen. Da vermittelſt dieſes Verfahrens ſich
648 314 2697 1314 die Alteration uͤber alle Quinten in gleicher Maaße ausbreitet:
648 314 2697 1314 ſo wird ſolche deswegen, bey jeder beſonders, faſt unmerklich,
648 314 2697 1314 und alſo die Quinte, das vollkommenſte Jntervall nach der
648 314 2697 1314 Octave, nur ſo wenig als moͤglich, alterirt ſeyn.
1429 1359 1708 1461 §. 67.
465 1456 2682 2110 Es iſt wahr, daß wir dadurch etwas harte Terzen bekommen
465 1456 2682 2110 werden. Da aber die Terz ein weniger conſonirendes Jntervall, als
465 1456 2682 2110 die Quinte iſt: ſo iſt es noͤthig, ſagt der Hr. Rameau, die Reinig⸗
465 1456 2682 2110 keit der Terzen den Quinten aufzuopfern; denn, je conſonirender ein
465 1456 2682 2110 Jntervall iſt, deſto mehr misfaͤllet die Veraͤnderung deſſelben dem
465 1456 2682 2110 Gehore; und wuͤrde die allergeringſte Veraͤnderung der Octave un⸗
465 1456 2682 2110 ertraͤglich ſeyn.
1439 2080 1693 2191 § 68.
460 2206 2703 2399 Dieſe Veraͤnderung der Jntervallen auf einem Jnſtrumente
460 2206 2703 2399 heißt eine Teimperatur.
1454 2399 1718 2496 §. 69.
475 2511 2733 2688 Aus allem dieſen folget, daß es bey der Theorie der Tempera⸗
475 2511 2733 2688 tur auf folgende Aufgabe ankoͤmmt.
637 2704 2687 3160 Jn der gegebenen abwechſelnden Quinten⸗ und Quartenfolge
637 2704 2687 3160 C, G, d, A, e, h, fis, cis, gis, dis, ais, eis und his,
637 2704 2687 3160 worinnen das his nicht mit dem c uͤbereinſtimmet, ſollen
637 2704 2687 3160 alle Quinten dergeſtalt veraͤndert werden, daß die beyden c
637 2704 2687 3160 eine vollkommen reine Octave unter ſich machen.
2448 3226 2672 3328 §. 70.
