2973 3610
564 178 2304 276 IBuch. I Cap. Von Quintenfortſchreitungen.
2420 177 2498 261 17
817 422 1826 507 Drittes Capitel.
531 549 2339 684 Von dem Quintenweiſe fortgehenden
730 696 1828 790 Grundbaße.
1345 838 1559 917 §. 33.
389 926 637 1158 W
651 923 2502 1009 eil mit dem Tone c die Oberduodecime g mit erklinget, und
687 1008 2503 1093 die Unterduodecime f mit erzittert: ſo koͤnnen wir einen aus
692 1098 2507 1176 dem Tone c und ſeinen beyden Duodecimen beſtehenden Ge⸗
397 1184 2503 1273 ſang formiren, oder, welches vermoͤge des §. 24. einerley iſt, wir
395 1272 2505 1355 koͤnnen dieſen Geſang aus der Ober- und Unterquinte des Tons c
395 1358 2507 1451 zuſammenſetzen. Hieraus entſtehet folgender in Quinten fortgehen⸗
395 1442 2505 1535 der Geſang f: c: g, welchen ich den Grundbaß von c in Quin⸗
400 1531 1984 1606 tenfolgen nenne.
509 1601 2509 1697 Wir werden in der Folge ſehen, daß es Grundbaͤße in Ter⸗
403 1704 2509 1799 zenfortſchreitungen giebet, welche von den beyden Decimen · Septi⸗
399 1789 2507 1875 men entſtehen, von welchen die obere mit dem Haupttone erklinget,
397 1872 2508 1961 die untere aber erzittert. Wir muͤßen aber Fuß vor Fuß gehen, und
400 1959 2509 2047 wir begnuͤgen uns fuͤr itzo, die Quintenweiſe fortgehenden Grund⸗
404 2051 1329 2137 baͤße in Betracht zu nehmen.
1366 2138 1577 2216 §. 34.
573 2219 2512 2313 So wie man von dem Tone c, ohne Unterſcheid zu dem g oder
402 2310 1093 2397 dem f fortgehen kann:
1371 2395 1573 2471 §. 35.
406 2483 2516 2561 So kann man, aus eben dieſem Grunde, dieſe Quintenfolge
409 2561 2384 2657 ſowohl auf⸗ als abſteigend, auf folgende Art verrichten, als:
408 2648 2299 2737 es: b: f: c: g: d: a rc.
410 2747 2517 2832 Und dieſes kann mit fallenden Quinten und ſteigenden Quarten, oder
410 2833 2179 2918 mit ſteigenden Quinten und fallenden Quarten geſchehen.
1369 2924 1571 3002 §. 36.
594 3002 2512 3100 Man kann auf gleiche Art nicht fuͤglich in einem Grundbaße
413 3092 2514 3181 von einem Tone zu ſeiner Secunde, z. E. von c zu d, oder von d
503 3174 2517 3268 Einleit. in die muſic. Setzk. C zu
