2973 3627
710 198 2264 327 1Buch. vVI Cap. Von der Temperatur.
2433 218 2542 317 33
1361 357 1624 446 §. 70.
383 461 2547 829 Dieſe Aufgabe aufzuloͤſen, faͤnget man an, die beyden c, als ei⸗
383 461 2547 829 ne Octave, vollkommen rein abzuſtimmen. Nach dieſem muß man
383 461 2547 829 alle halbe Toͤne, woraus die Octave beſteht, ſo gleich als nur moͤg⸗
383 461 2547 829 lich iſt, gegen einander machen. Hierdurch ) geſchieht es, daß alle
2299 809 2537 898 Quin⸗
393 933 1455 1633 u) Da in der von dem Hrn. Ra⸗
393 933 1455 1633 meau vorgeſchlagenen Temperatur alle
393 933 1455 1633 halbe Toͤne einander gleich ſind: ſo fol⸗
393 933 1455 1633 get daraus, daß die zwoͤlf halbe Toͤne
393 933 1455 1633 c: cis, cis: d, d: dis, u. ſ. w.
393 933 1455 1633 eine ſtetige geometriſche Progreßion for⸗
393 933 1455 1633 miren werden, d. i. eine Folge, worinnen
393 933 1455 1633 ſich c: cis eben ſo verhaͤlt, wie cis: d,
393 933 1455 1633 wie d: dis, wie dis: e, und ſo weiter.
393 1697 1445 2025 Dieſe zwoͤlf halbe Toͤne werden ver⸗
393 1697 1445 2025 mittelſt einer Reihe von dreyzehn Toͤnen
393 1697 1445 2025 formiret, wovon der Anfangston c und
393 1697 1445 2025 die Octave c den erſten und lezten aus⸗
1475 933 2552 1479 machen. Um alſo den Werth eines jeden
1475 933 2552 1479 Tons in dieſer Temperatur vermittelſt des
1475 933 2552 1479 Calculi zu finden, koͤmmt die Sache dar⸗
1475 933 2552 1479 auf an: zwiſchen den Zahlen 1 und 2
1475 933 2552 1479 eilf andre Zahlen zu finden, die mit 1
1475 933 2552 1479 und 2 eine ſtetige geometriſche Progreßion
1475 933 2552 1479 formiren.
1480 1479 2527 2030 Wer nur ein wenig mit dem Calculo
1480 1479 2527 2030 umzugehen weis, wird dieſe Zahlen oder
1480 1479 2527 2030 wenigſtens den naͤchſten Werth der⸗
1480 1479 2527 2030 ſelben leichtlich finden. Man ſehe da⸗
1480 1479 2527 2030 von folgende Vorſtellung, die die Ma⸗
1480 1479 2527 2030 thematiker leicht erkennen werden, an⸗
1480 1479 2527 2030 dre aber uͤbergehen koͤnnen (9.
388 2600 1443 3239 Der Augenſchein giebet es, daß alle
388 2600 1443 3239 Quinten in dieſer Temperatur, eine ſo
388 2600 1443 3239 viel als die andre, veraͤndert ſind.
388 2600 1443 3239 Man wird annoch bemerken daß ſie al⸗
388 2600 1443 3239 le es nur ein wenig ſind; denn man wird
388 2600 1443 3239 z. E. finden, daß die Quinte c: g, wel⸗
388 2600 1443 3239 che ſeyn ſollte, ungefaͤhr um , aus
388 2600 1443 3239 , das iſt , und alſo nur um ei⸗
1465 2610 2522 2754 ne Kleinigkeit, die kaum in Betracht
1465 2610 2522 2754 koͤmmt, erniedriget wird. (20.
1470 2749 2527 3236 Es iſt wahr, daß die großen Terzen
1470 2749 2527 3236 etwas mehr veraͤndert ſeyn werden.
1470 2749 2527 3236 Denn die große Terz c: e wird z. E.
1470 2749 2527 3236 um s zu groß ſeyn (2). Aber es iſt
1470 2749 2527 3236 beßer, daß die Veraͤnderung die Terzen
1470 2749 2527 3236 trift, als die Quinten, indem, nach der
2316 3226 2534 3302 Octave
368 905 2576 3334 u) Da in der von dem Hrn. Ra⸗ machen. Um alſo den Werth eines jeden
368 905 2576 3334 meau vorgeſchlagenen Temperatur alle Tons in dieſer Temperatur vermittelſt des
368 905 2576 3334 halbe Toͤne einander gleich ſind: ſo fol⸗ Calculi zu finden, koͤmmt die Sache dar⸗
368 905 2576 3334 get daraus, daß die zwoͤlf halbe Toͤne auf an: zwiſchen den Zahlen 1 und 2
368 905 2576 3334 c: cis, cis: d, d: dis, u. ſ. w. eilf andre Zahlen zu finden, die mit 1
368 905 2576 3334 eine ſtetige geometriſche Progreßion for⸗ und 2 eine ſtetige geometriſche Progreßion
368 905 2576 3334 miren werden, d. i. eine Folge, worinnen formiren.
368 905 2576 3334 ſich c: cis eben ſo verhaͤlt, wie cis: d, Wer nur ein wenig mit dem Calculo
368 905 2576 3334 wie d: dis, wie dis: e, und ſo weiter. umzugehen weis, wird dieſe Zahlen oder
368 905 2576 3334 wenigſtens den naͤchſten Werth der⸗
368 905 2576 3334 Dieſe zwoͤlf halbe Toͤne werden ver⸗ ſelben leichtlich finden. Man ſehe da⸗
368 905 2576 3334 mittelſt einer Reihe von dreyzehn Toͤnen von folgende Vorſtellung, die die Ma⸗
368 905 2576 3334 formiret, wovon der Anfangston c und thematiker leicht erkennen werden, an⸗
368 905 2576 3334 die Octave c den erſten und lezten aus⸗ dre aber uͤbergehen koͤnnen (19.
368 905 2576 3334 C Cisd dise f fis g gis
368 905 2576 3334 12 12 I2 12 I2 12 12 12
368 905 2576 3334 1 2 7 3 8
368 905 2576 3334 a h e
368 905 2576 3334 12 12 12 12
368 905 2576 3334 ꝰ 7i0 7 7*.
368 905 2576 3334 Der Augenſchein giebet es, daß alle ne Kleinigkeit, die kaum in Betracht
368 905 2576 3334 Quinten in dieſer Temperatur, eine ſo koͤmmt, erniedriget wird. (20).
368 905 2576 3334 viel als die andre, veraͤndert ſind. Es iſt wahr, daß die großen Terzen
368 905 2576 3334 Man wird annoch bemerken, daß ſie al⸗ etwas mehr veraͤndert ſeyn werden.
368 905 2576 3334 le es nur ein wenig ſind; denn man wird Denn die große Terz c: e wird z. E.
368 905 2576 3334 z. E. finden, daß die Quinte c: g, wel⸗ um s zu groß ſeyn (a. Aber es iſt
368 905 2576 3334 che 4 ſeyn ſollte, ungefaͤhr um , aus beßer, daß die Veraͤnderung die Terzen
368 905 2576 3334 7r, das iſt r, und alſo nur um ei⸗ trift, als die Quinten, indem, nach der
368 905 2576 3334 Einleit. in die muſic. Setzk. E Octave
469 3226 1297 3317 Einleit. in die muſic. Setzk.
1694 3220 1782 3302 E
