2973 3631
728 202 2264 327 IBuch. vI Cap. Von der Temperatur.
2415 192 2534 330 35
381 358 2534 1507 das iſt, welche ſo beſchaffen ſeyn muß, daß das his entweder eben
381 358 2534 1507 denſelben Ton hat, als das C, bey welchem man die Stimmung an⸗
381 358 2534 1507 gefangen, oder daß ſolches zu C eine vollkommen reine Octave ma⸗
381 358 2534 1507 chet. Man muß alſo probiren, ob dieſes C oder die Octave davon
381 358 2534 1507 eine gute Quinte mit dem letzten eis oder f machet. Jſt dieſes, ſo
381 358 2534 1507 kann man verſichert ſeyn, daß das Clavier gut geſtimmet iſt. Jſt
381 358 2534 1507 die letzte Quinte aber nicht gut, ſo wird ſie entweder zu ſtark oder zu
381 358 2534 1507 ſchwach ſeyn. Jſt ſie zu ſtark, ſo iſt ſolches ein Zeichen, daß man die
381 358 2534 1507 andern Quinten, oder zum wenigſten einige zu ſehr erniedriget hat.
381 358 2534 1507 Jſt ſie zu ſchwach, ſo iſt ſolches ein Zeichen, daß man die andern nicht
381 358 2534 1507 genug erniedriget hat. Man muß alſo auf ſeine Spuren zuruͤck keh⸗
381 358 2534 1507 ren ud ſo lange temperiren, bis die letzte Quinte von ſelbſten
381 358 2534 1507 gut iſt ).
1577 1500 2514 1580 E2 Ver⸗
403 1627 1439 3315 x) Uebrigens muͤſſen wir mit dem
403 1627 1439 3315 Hrn. Rameau geſtehen, daß dieſe Tem⸗
403 1627 1439 3315 peratur von der gewoͤhnlichen ſehr viel
403 1627 1439 3315 unterſchieden iſt. Laßt uns ſehen, worin⸗
403 1627 1439 3315 nen dieſe beſtehet. Man faͤnget mitten
403 1627 1439 3315 auf dem Griffbrete bey c an, und ſtimmet
403 1627 1439 3315 die vier erſten Quinte g, d, a, e etwas
403 1627 1439 3315 unter ſich, ſo lange bis das e eine gute
403 1627 1439 3315 große Terz gegen c machet. Man faͤn⸗
403 1627 1439 3315 get wieder bey e an, und ſtimmet die
403 1627 1439 3315 Quinten h, fis, cis, gis, aber nicht ſo
403 1627 1439 3315 ſehr unter ſich ſchwebend, als die vorigen,
403 1627 1439 3315 dergeſtalt, daß gis faſt eine reine große
403 1627 1439 3315 Terz gegen e machet. Wenn man bis zum
403 1627 1439 3315 gis gekommen iſt, ſo haͤlt man ein; man
403 1627 1439 3315 nimmt wieder das erſte cozur Hand,
403 1627 1439 3315 ſtimmet die Unterquinte f, hernach die
403 1627 1439 3315 Unterquinte b von f, u. ſ. w. Man
403 1627 1439 3315 machet alle dieſe Quinten etwas ſcharf,
403 1627 1439 3315 bis man zu des oder cis koͤmmt, welches
403 1627 1439 3315 mit dem ſchon geſtimmten gis eine gute
403 1627 1439 3315 Quinte machen muß.
1481 1631 2534 2935 Wenn man in dieſer gebraͤuchlichen
1481 1631 2534 2935 Temperatur weniger veraͤnderte Terzen,
1481 1631 2534 2935 als in desHrn. Rameau ſeiner antrift: ſo
1481 1631 2534 2935 ſind Gegentheils die Quinten deſto falſcher
1481 1631 2534 2935 darinnen, und viele Terzen ſind es auch,
1481 1631 2534 2935 dergeſtalt, daß auf einem ſo geſtimmten
1481 1631 2534 2935 Claviere fuͤnf bis ſechs unertraͤgliche Ton⸗
1481 1631 2534 2935 arten vorkommen, worinnen man nichts
1481 1631 2534 2935 executiren kann (22). Gegentheils ſind
1481 1631 2534 2935 in der Temperatur des Hrn. Rameau alle
1481 1631 2534 2935 Tonarten gleich gut; ein neuer Beweis
1481 1631 2534 2935 von ihrer Guͤte, weil die Temperatur
1481 1631 2534 2935 hauptſachlich deswegen erfordert wird,
1481 1631 2534 2935 daß man ohne Beleidigung des Gehoͤrs,
1481 1631 2534 2935 aus einem Tone in den andern gehen koͤn⸗
1481 1631 2534 2935 ne, z. E. aus c in g, aus g in d,
1481 1631 2534 2935 u. ſ. w.
1471 2929 2548 3257 Jch weis, daß dieſe Gleichfoͤrmigkeit
1471 2929 2548 3257 der Modulationen vielen Muſicis als ein
1471 2929 2548 3257 Mangel vorkommen wird. Denn ſie bil⸗
1471 2929 2548 3257 den ſich ein, daß, wenn ſie die halben Toͤ⸗
2453 3243 2534 3323 ne
371 1606 2568 3352 x) Uebrigens muͤſſen wir mit dem Wenn man in dieſer gebraͤuchlichen
371 1606 2568 3352 Hrn. Rameau geſtehen, daß dieſe Tem⸗ Temperatur weniger veraͤnderte Terzen,
371 1606 2568 3352 peratur von der gewoͤhnlichen ſehr viel als in desHrn. ameau ſeiner antrift: ſo
371 1606 2568 3352 unterſchieden iſt. Laßt uns ſehen, worin⸗ ſind Gegentheils die Quinten deſto falſcher
371 1606 2568 3352 nen dieſe beſtehet. Man faͤnget mitten darinnen, und viele Terzen ſind es auch,
371 1606 2568 3352 auf dem Griffbrete bey c an, und ſtimmet dergeſtalt, daß auf einem ſo geſtimmten
371 1606 2568 3352 die vier erſten Quinte g, d, a, e etwas Claviere fuͤnf bis ſechs unertraͤgliche Ton⸗
371 1606 2568 3352 unter ſich, ſo lange bis das e eine gute arten vorkommen, worinnen man nichts
371 1606 2568 3352 große Terz gegen c machet. Man faͤn⸗ executiren kann (22). Gegentheils ſind
371 1606 2568 3352 get wieder bey e an, und ſtimmet die in der Temperatur des Hrn. ameau alle
371 1606 2568 3352 Quinten h, fis, cis, gis, aber nicht ſo Tonarten gleich gut; ein neuer Beweis
371 1606 2568 3352 ſehr unter ſich ſchwebend, als die vorigen, von ihrer Guͤte, weil die Temperatur
371 1606 2568 3352 dergeſtalt, daß gis faſt eine reine große hauptſachlich deswegen erfordert wird,
371 1606 2568 3352 Terz gegen e machet. Wenn man bis zum daß man ohne Beleidigung des Gehoͤrs,
371 1606 2568 3352 gis gekommen iſt, ſo haͤlt man ein; man aus einem Tone in den andern gehen koͤn⸗
371 1606 2568 3352 nimmt wieder das erſte co zur Hand, ne, z. E. aus c in g, aus g in d,
371 1606 2568 3352 ſtimmet die Unterquinte f, hernach die u. ſ. w.
371 1606 2568 3352 Unterquinte b von f, u. ſ. w. Man Jch weis, daß dieſe Gleichfoͤrmigkeit
371 1606 2568 3352 machet alle dieſe Quinten etwas ſcharf, der Modulationen vielen Muſicis als ein
371 1606 2568 3352 bis man zu des oder cis koͤmmt, welches Mangel vorkommen wird. Denn ſie bil⸗
371 1606 2568 3352 mit dem ſchon geſtimmten gis eine gute den ſich ein, daß, wenn ſie die halben Toͤ⸗
371 1606 2568 3352 Quinte machen muß. ne
