2973 3685
418 164 585 267 90
1023 146 2091 280 IBuch. vII Cap. Regeln
753 300 2354 442 Umkehrung des vollkommenen Accords.
1396 454 1679 544 §. 205.
466 563 2670 757 Der vollkommene harte Accord c, e, g, c, kann auf zweyer⸗
466 563 2670 757 ley Art umgekehret werden, als:
539 765 2677 1323 1) e, g,c, e. Dieſes heißt ein Sextenaccord, welcher aus der
539 765 2677 1323 Terz, Sexte und Octave beſtehet. Es wird ſelbiger durch eine
539 765 2677 1323 6 beziffert.
539 765 2677 1323 2 g,c,e,g. Dieſes heißt ein Sextquarten ⸗oder Quartſex⸗
539 765 2677 1323 tenaccord, welcher aus der Quarte, Sexte und Octave beſtehet.
539 765 2677 1323 Es wird ſelbiger durch beziffert.
444 1327 2697 1513 Der vollkommene weiche Accord a, c, e, a, wird auf eine aͤhn⸗
444 1327 2697 1513 liche Art umgekehret.
858 1536 2227 1669 Umkehrung des Septimenaccords.
1418 1680 1685 1779 §. 206.
433 1784 2675 2429 Jn dem Accorde der toniſchen Dominante g, h, d, f, wird
433 1784 2675 2429 die große Terz uͤber der Grundnote, naͤmlich das h, eine tonbezeich⸗
433 1784 2675 2429 nende Note genennet (§. 77), und der vermittelſt der Umkehrung dar⸗
433 1784 2675 2429 auf fallende Accord h, d, f, g, der aus einer kleinen Terz, falſchen
433 1784 2675 2429 Quinte und kleinen Sexte beſtehet, wird uͤberhaupt ein Sextquinten⸗
433 1784 2675 2429 accord, oder Quintſextenaccord, beſonders aber ein Accord der
433 1784 2675 2429 falſchen Quinte genennet. Man beziffert ſelbigen mit 6 und 5.
438 2415 2652 2796 Der Accord d, f, g, h, der aus der Terz, Quarte und Sexte
438 2415 2652 2796 beſtehet, wird ein Terzquarten⸗ oder Quartterzenaccord genennet,
438 2415 2652 2796 und mit 4 und 3 beziffert. Jn dem gegenwaͤrtigen Terzquartenac⸗
438 2415 2652 2796 corde iſt die Terz klein, die Quarte vollkommen, und die Sexte groß.
2470 2802 2650 2892 Der
458 2903 2638 3245 Man ſiehet darinnen, daß die ſyncopi⸗ Theile aber eine Septime, und folglich
458 2903 2638 3245 rende Note g in dem erſten Theile der eine Diſſonanz gegen a machet. Eben ſo
458 2903 2638 3245 Syncopation, eine Quinte und felglich verhaͤlt es ſich mit der Note f.
458 2903 2638 3245 eine Conſonanz zu c; in dem zweyten
469 2914 1516 3234 Man ſiehet darinnen, daß die ſhyncopi⸗
469 2914 1516 3234 rende Note g in dem erſten Theile der
469 2914 1516 3234 Syncopation, eine Quinte und folglich
469 2914 1516 3234 eine Conſonanz zu c; in dem zweyten
1559 2921 2622 3175 Theile aber eine Septime, und folglich
1559 2921 2622 3175 eine Diſſonanz gegen a machet. Eben ſo
1559 2921 2622 3175 verhaͤlt es ſich mit der Note f.
