2973 3608
1176 182 1793 274 des Grundbaſſes.
2456 203 2543 287 9
598 335 2541 426 Die andre Art von unterbrochener Cadenz wird formiret, wenn
424 425 2540 515 eine Dominante Terzenweiſe auf eine andre herabgehet (§. 136), z. E.
1858 635 2448 720 S. Anmerk. (46.)
973 813 1911 923 Dritter Artikel.
884 952 2071 1043 Von untergeſchobenen Accorden.
1352 1083 1611 1166 §. 215.
414 1191 581 1335 W
585 1188 2532 1277 enn vor einer Dominante eine toniſche Note in dem Grundbaſſe
609 1280 2531 1371 vorhergehet: ſo fuͤget man unterweilen zu dem Accorde dieſer
413 1365 2529 1457 Dominante in dem Generalbaſſe, in der Entfernung einer Terz oder
414 1452 2530 1544 Quinte, unterwaͤrts eine neue Note hinzu, und der daher entſtehen⸗
401 1543 2325 1638 de Accord wird ein untergeſchobener Accord genennet.
1368 1677 1609 1749 §. 216.
588 1785 2528 1881 Setzet z. E. daß in dem Grundbaſſe die Note g mit der Har⸗
410 1870 2527 1965 monie g, h, d, f vorhanden iſt. Wenn wir dieſer Harmonie die
409 1960 2528 2131 rzet zenee—
411 2042 1798 2133 cord c,g,h, d,f, oderc, d, f, g, h bet).
2360 2187 2527 2264 Von
485 2346 2517 2420 Man kann manchesmal in diatoniſcher gewiſſermaaßen ihren Grund, als woſelbſt
409 2420 2518 2498 Folge auf⸗ und abwaͤrts, verſchiedene to⸗ man ſiehet, daß in jedem Stamm⸗ oder
406 2503 2517 2570 niſche Noten hinter einander gebrauchen, Grundtone die Unterduodecime und Un⸗
405 2581 2515 2662 z. E. die Harmonien von ce gc, und terdecime⸗Septime erzittern, waͤhrender
407 2653 2512 2730 d fad, oder cegc, und bd fb. Zeit die Oberduodecime und Oberdecime⸗
402 2736 2515 2809 Aber, außer daß dieſe Folge hart iſt, Septime erklingen. Dieſes ſcheinet uns
402 2808 2509 2886 muß man die Ausuͤbung derſelben behut⸗ das Recht zu geben, die Unterduodecime
404 2884 2510 2972 ſam ins Werk richten. oder Unterdecime⸗Septime, oder welches
483 2962 2504 3043 bbb) Ob die Unterſchiebung gleich einerley iſt, die Unterquinte oder Unter⸗
402 3042 2504 3126 eine Art von Freyheit iſt: ſo hat ſolche terz, in gewiſſen Faͤllen dem Grundtone
401 3122 2496 3200 dennoch in der zweyten Erfahrung ( §.23 hinzuzufuͤgen.
485 2346 1429 2413 Man kann manchesmal in diatoniſcher
409 2420 1430 2492 Folge auf⸗ und abwaͤrts, verſchiedene to⸗
406 2503 1429 2570 niſche Noten hinter einander gebrauchen,
405 2581 1427 2653 z. E. die Harmonien von ce gc, und
407 2653 1427 2730 d fad, oder cegc, und bd fb.
402 2736 1427 2803 Aber, außer daß dieſe Folge hart iſt,
402 2808 1426 2880 muß man die Ausuͤbung derſelben behut⸗
404 2884 973 2951 ſam ins Werk richten.
483 2964 1423 3035 bbb) Ob die Unterſchiebung gleich
402 3042 1424 3112 eine Art von Freyheit iſt: ſo hat ſolche
401 3122 1421 3197 dennoch in der zweyten Erfahrung ( §.23
1489 2353 2517 2420 gewiſſermaaßen ihren Grund, als woſelbſt
1490 2431 2518 2498 man ſiehet, daß in jedem Stamm⸗ oder
1491 2509 2517 2567 Grundtone die Unterduodecime und Un⸗
1490 2586 2515 2662 terdecime⸗Septime erzittern, waͤhrender
1491 2663 2512 2729 Zeit die Oberduodecime und Oberdecime⸗
1489 2742 2515 2809 Septime erklingen. Dieſes ſcheinet uns
1489 2820 2509 2886 das Recht zu geben, die Unterduodecime
1486 2899 2510 2972 oder Unterdecime⸗Septime, oder welches
1485 2974 2504 3043 einerley iſt, die Unterquinte oder Unter⸗
1483 3053 2504 3126 terz, in gewiſſen Faͤllen dem Grundtone
1482 3126 2496 3200 hinzuzufuͤgen.
