2973 3686
437 158 572 267 96
746 152 2328 267 Buch. IX Cap. Von einigen Freyheiten
617 312 2476 422 Von verſchiedenen Arten untergeſchobener Accorde.
1389 441 1711 545 9. 216.
450 544 2702 834 Es iſt leicht zu ſehen, daß es verſchiedene Arten von unterge⸗
450 544 2702 834 ſchobenen Accorden geben kann. So giebet z. E. der Accord von der
450 544 2702 834 toniſchen Dominante g, h, d, f
514 853 2689 2211 1) den vierſtimmigen Undecimenaccord c, g, h, d, f, oder
514 853 2689 2211 c, d, f, g, h, welcher aus der Quinte, Septime, None
514 853 2689 2211 und Undecime beſtehet, und durch den Zuſatz der Unterquinte c
514 853 2689 2211 zu g, h, d, f entſpringet. Man beziffert ſelbigen durch 9, 7
514 853 2689 2211 und 4 [fn_ccc)]. Es findet derſelbe nur auf einer toniſchen Note
514 853 2689 2211 ſtatt. Man laͤſſet die tonbezeichnende Note oder die große Se⸗
514 853 2689 2211 ptime ofters davon weg. Die Urſache dieſer Weglaſſung wer⸗
514 853 2689 2211 den wir in der Anmerkung [fn_fff)] zu dem §. 219. beybringen. Er
514 853 2689 2211 beſtehet alsdenn aus c, d, f, g, und wird mit 9 und 4 be⸗
514 853 2689 2211 ziffert.
514 853 2689 2211 2) Wenn man zu g, h, d, f die Unterterz e hinzuthut: ſo entſte⸗
514 853 2689 2211 het der Nonenaccord e, g, h, d, f, welcher aus der Terz,
514 853 2689 2211 Quinte, Septime und None zuſammengeſetzet iſt. Er wird
514 853 2689 2211 mit 9 und 7 beziffert. Dieſe Unterterz kann jedem Septimen⸗
514 853 2689 2211 accorde hinzugefuͤget werden [fn_ddd)].
1280 2223 1807 2346 Anmerkung.
1376 2365 1711 2449 §. 217.
430 2455 2644 2648 Wenn die Dominante keine toniſche Dominante iſt: ſo laͤſſet
430 2455 2644 2648 man oͤfters einige Noten aus dem Accorde weg. Setzet z. E. daß in
2476 2667 2644 2751 dem
411 2751 2670 3356 cee) Einige Muſiei pflegen dieſen Ae⸗ geſchieht ſolches der Bequemlichkeit hal⸗
411 2751 2670 3356 cord mit 7 und 2 zu beziffern, welches ber, weil die einfachen Zahlen leichter in
411 2751 2670 3356 aber nicht richtig iſt, indem das d in die Sinne fallen.
411 2751 2670 3356 c gh df keine Secunde, ſondern eine ddd) Die Unterſchiebung vermehret
411 2751 2670 3356 None iſt. Wenn die Undecime f mit die Diſſonanzen eines Accords. Wenn
411 2751 2670 3356 einer 4, anſtatt bezeichnet wird: ſo man z. E. zu dem Accorde e g h d die
411 2751 2670 3356 Unter⸗
437 2777 1544 3272 cce) Einige Muſiei pflegen dieſen Ae.
437 2777 1544 3272 cord mit 7 und 2 zu beziffern, welches
437 2777 1544 3272 aber nicht richtig iſt, indem das d in
437 2777 1544 3272 c gh df keine Secunde, ſondern eine
437 2777 1544 3272 None iſt. Wenn die Undecime f mit
437 2777 1544 3272 einer 4, anſtatt 1 bezeichnet wird: ſo
1551 2789 2633 3007 geſchieht ſolches der Bequemlichkeit hal⸗
1551 2789 2633 3007 ber, weil die einfachen Zahlen leichter in
1551 2789 2633 3007 die Sinne fallen.
1565 3018 2644 3259 ddd) Die Unterſchiebung vermehret
1565 3018 2644 3259 die Diſſonanzen eines Accords. Wenn
1565 3018 2644 3259 man z. E. zu dem Accorde e g h d die
2450 3264 2630 3339 Unter⸗
