2973 3669
871 177 2203 298 ABuch. Xllt Cap. Den Grundbaß
531 337 2683 3231 3) Man gebe auf die Nebentonarten Acht, das iſt, auf die beyden
531 337 2683 3231 Quinten, welche in c die Toͤne g und f, und in a die Toͤne e
531 337 2683 3231 und d ſind. Wenn ich zum Exempel einen Geſang mit Noten
531 337 2683 3231 angefangen habe, welche ſowohl zu c als a an ſich gehoͤren koͤn⸗
531 337 2683 3231 nen, und hernach der Ton g erſcheinet, welches ich durch die ton⸗
531 337 2683 3231 bezeichnende Note fis wiſſen kann, oder wenn hernach der Ton
531 337 2683 3231 f erſcheinet, welches ich an der vorkommenden Note b wiſſen
531 337 2683 3231 kann: ſo faͤllt der Schluß, daß ich in c angefangen habe. Wenn
531 337 2683 3231 ich aber in den Ton d oder e gerathe, welches ich an den Noten
531 337 2683 3231 b oder cis, oder dis wiſſen kann: ſo ſchließe ich daraus, daß ich
531 337 2683 3231 in a angefangen habe.
531 337 2683 3231 4) Eine Tonart hoͤret gewoͤhnlicher Weiſe nur deswegen auf, be⸗
531 337 2683 3231 ſonders zum Anfange eines Stuͤcks, damit eine andre verwandte
531 337 2683 3231 Tonart, oder ein verwandter Ton zum Vorſchein komme, und
531 337 2683 3231 dieſe verwandten Toͤne ſind die Oberquinte und die Unterterz.
531 337 2683 3231 So ſind z. E. die naͤchſten Tonarten von c dur, die Toͤne g dur
531 337 2683 3231 und a moll. Man gehet ordentlicher Weiſe aus dem c in den einen
531 337 2683 3231 oder andern dieſer Toͤne, und man kann folglich oͤfters den Ton
531 337 2683 3231 worinnen man iſt, aus der folgenden oder vorhergehenden Ne⸗
531 337 2683 3231 bentonart beurtheilen, wenn dieſe Neben⸗ oder anverwandte Ton⸗
531 337 2683 3231 art naͤmlich genugſam unterſchieden iſt. Uebrigens giebet es
531 337 2683 3231 außer dieſen zwoen verwandten Tonarten noch zwo andre, wor⸗
531 337 2683 3231 ein man, obwohl ſeltner, aus dem Haupttone ausweichen kann,
531 337 2683 3231 naͤmlich die Unterquinte und die Oberterz, zum Exempel f
531 337 2683 3231 und e in c dur.
531 337 2683 3231 5) Man kann aus den Ruhepuncten des Geſanges annoch den
531 337 2683 3231 Ton erkennen. Dieſe Ruhepuncte oder Abſaͤtze muͤſſen von zween
531 337 2683 3231 zu zween Tacten, oder wenigſtens von vier zu vier erſcheinen, wie
531 337 2683 3231 in dem Grundbaſſe. Die zu dieſen Ruhepuncten gehoͤrige
531 337 2683 3231 Grundbaßnote iſt nun leicht zu finden. Man kann ſehen, was
531 337 2683 3231 der Herr Rameau (in ſeinem nouveau Syſtême de Muſique
531 337 2683 3231 théorique et pratique, Seite 54) davon ſaget.
2421 3238 2683 3315 Wenn
