2973 3615
912 199 2529 309 . Anmerkungen des Ueberſetzers. 29
425 356 2527 592 (a) Der Bruch iſt um das Comma groͤßer, als der große
425 356 2527 592 ie on, und um das Comma großer, als der kleine ganze Ton, wie man
425 356 2527 592 iehet:
591 1098 2382 1380 0) Der große halbe Ton iſt 3, und der kleine . Folglich
591 1098 2382 1380 *
591 1098 2382 1380 15 24 36o 9
1063 1288 1770 1381 l oo3
428 1415 2527 1572 (1) Zween kleine halbe Toͤne geben die Ration
428 1415 2527 1572 Aitae:etarin m ·
423 1606 2528 1829 (32) Daß aus ſo viel als . iſt, erfaͤhret man durch ſolgende Be⸗
423 1606 2528 1829 rechnung: 1
423 1606 2528 1829 11[
900 1984 1887 2145 Das heißt: 1 mal 1 iſt 1, und
900 1984 1887 2145 4 mal 8 iſt 32, alſo .
418 2175 2525 2641 (33) Zum §. i56. Wenn geſaget wird, daß der Accord gis h d f in
418 2175 2525 2641 allen verſchiedenen Geſtalten aus drey kleinen Terzen beſtehet, da gleichwohl in
418 2175 2525 2641 der Berſetzung h d f gis zwiſchen f und gis keine kleine Terz, ſondern eine
418 2175 2525 2641 uͤbermaͤßige Secunde zum Vorſchein koͤmmt: ſo kann man ſolches am beſten
418 2175 2525 2641 enharmoniſch erklaͤren. Auf dieſe Art ſind in gis h d f; in h d f as; in
418 2175 2525 2641 d fas ces, und in eis gis h d lauter kleine Terzen vorhanden.
426 2684 2522 3148 (34) Um ſich hlervon einen deutlichen Begriff zu machen, wollen wir
426 2684 2522 3148 den Geſang e d ſetzen, und darzu einige Baͤſſe entwerfen. Wer ſich die Muͤhe
426 2684 2522 3148 geben will, mehrere darzu zu ſuchen, wird annoch ein weitlaͤuftiges Feld vor ſich
426 2684 2522 3148 finden. Wir werden die Grund⸗ und Generalbaͤſſe ohne Unterſcheid, nachdem
426 2684 2522 3148 ſie uns einfallen werden, unter einander ſetzen. Daß wir nicht alle moͤgliche
426 2684 2522 3148 Verſetzungen von jeder beſondern Harmonie nehmen, giebet der Augenſchein.
429 3189 2521 3267 Einleit. in die muſic. Setzk. R ()
