2973 3629
865 175 2043 295 Doppelgebrauche der Diſſonanz.
2410 194 2531 314 49
352 339 2524 523 im Grundbaße herabgehen kann: ſo wuͤrde man von dem das fis
352 339 2524 523 uͤber ſich habenden d auf gleiche Art auf g herabgehen koͤnnen.
1295 542 1581 650 §. 102.
345 656 2537 1714 Wenn man nun das fis in f veraͤndert, ſo wird die Grundnote
345 656 2537 1714 d aus dem Accorde d, f, a, c allezeit auf g herabſteigen koͤnnen; denn
345 656 2537 1714 die Veraͤnderung des ſis in f wird nichts anders thun, als daß ſie
345 656 2537 1714 den Eindruck der Tonart c erhaͤlt, als welche durch die Einfuͤhrung
345 656 2537 1714 des die Tonart g anzeigenden ſis verſchwunden. Uebrigens wird der
345 656 2537 1714 Ton d allezeit ſeinen Character als Dominante vermittelſt der Septi⸗
345 656 2537 1714 me c beybehalten. Folglich kann in dem Accorde d, f, a,c das d al⸗
345 656 2537 1714 lezeit als eine unvollkommene Dominante betrachtet werden; ich
345 656 2537 1714 ſage unvollkommene, weil ſie die kleine Terz f anſtatt der großen ſis
345 656 2537 1714 bey ſich fuͤhret. Jch werde ſie deswegen in der Folge ſchlechterdings
345 656 2537 1714 Dominante nennen, um ſie von der Dominante g zu unterſchei⸗
345 656 2537 1714 den, als welche die toniſche Dominante heißen ſoll.
1276 1739 1555 1841 §. 103.
333 1841 2537 2373 Folglich koͤnnen die Toͤne f und g, die in einem diatoniſchen
333 1841 2537 2373 Grundbaße nicht auf einander folgen koͤnnen, wenn ſie den bloßen
333 1841 2537 2373 conſonirenden vollkommenen Accord uͤber ſich haben, alsdenn auf ein⸗
333 1841 2537 2373 ander folgen, wenn man dem erſten ein d, und dem andern ein f hin⸗
333 1841 2537 2373 zufuͤget, und man den erſten Accord umkehret, das iſt, wenn man
333 1841 2537 2373 den beyden Accorden dieſe Forme giebet, d, f, a,c und g, h, d, f.
1270 2411 1581 2512 §. i04.
333 2513 2524 3209 Noch mehr, da der Accord f, a, c, d auf den vollkommenen Ac⸗
333 2513 2524 3209 cord c, e, g, c folgen kann: ſo fließet daraus, daß aus gleicher Urſa⸗
333 2513 2524 3209 che auf den Accord e, e, g, c der Accord d, f, a, c folgen kann. Es
333 2513 2524 3209 iſt dieſes nicht demjenigen entgegen, was oben (§. 37.) geſagt iſt: daß
333 2513 2524 3209 die Toͤne c und d in einem diatoniſchen Grundbaße nicht einander fol⸗
333 2513 2524 3209 gen koͤnnen. Denn an dem angefuͤhrten Orte ſetzten wir voraus,
333 2513 2524 3209 daß dieſe beyden Toͤne den vollkommenen harten Accord uͤber ſich hat⸗
333 2513 2524 3209 ten, anſtatt daß in dem gegenwaͤrtigen Falle d die kleine Tert f und
421 3209 2499 3329 Einleit. in die muſic. Setzk.Gnoch
