2973 3686
400 108 555 257 16
601 125 2542 264 IBuch. Il Cap. Von deim Urſprunge der Tonarten.
1398 280 1668 395 §. 30.
394 383 2736 871 Hieraus und aus der natuͤrlichen Leichtigkeit, einen Ton mit
394 383 2736 871 ſeiner Octave zu vermiſchen, koͤnnen wir den von der Natur ange⸗
394 383 2736 871 wieſenen Geſang bilden f: as: c, worinnen die kleine Terz f: as
394 383 2736 871 vorhanden iſt. Das iſt der Urſprung der kleinen oder weichen
394 383 2736 871 Tonart.
1427 848 1668 957 §. 31.
445 929 2695 1428 Weil aber die Toͤne f: as oder vielmehr ihre Octaven, nur
445 929 2695 1428 bloß erzittern, wennc erklinget, und nicht zugleich, wie e und g,
445 929 2695 1428 einen Laut von ſich geben: ſo folget daher, daß uns die kleine oder
445 929 2695 1428 weiche Tonart nicht ſo unmittelbar und gerade, als die große oder
445 929 2695 1428 harte Tonart, von der Natur ertheilet wird.
1438 1422 1714 1554 §. 32.
509 1566 2672 2065 Die vollkommenſten Accorde ſind alſo:
509 1566 2672 2065 1) Jeder Accord, wie c: e, g: c, der aus einem Tone, der
509 1566 2672 2065 großen Terz, der Quinte und der Octave beſteht.
509 1566 2672 2065 2) Jeder Accord, wie f: as: c: f, der aus einem Tone, der
509 1566 2672 2065 kleinen Terz, der Qunte und der Octave beſteht.
405 2053 2672 2553 Jn der That, erhalten wir dieſe beyden Accorde von der Natur,
405 2053 2672 2553 aber den erſten unmittelbarer als den zweyten. Der erſte heißt der
405 2053 2672 2553 große harmoniſche Vierklang, oder der harte vollkommene Ac⸗
405 2053 2672 2553 cord; der zweyte der kleine harmoniſche Vierklang, oder der
405 2053 2672 2553 weiche vollkommene Accord (9).
2305 3190 2661 3322 Drittes
