2973 3669
429 189 570 292 94
794 170 2299 292 I1Buch. IX Cap. Von einigen Freyheiten
544 433 2562 747 Neuntes Capitel.
544 433 2562 747 Von einigen Freyheiten des Grundbaſſes.
672 753 2446 964 Erſter Artikel.
672 753 2446 964 Von einigen beſondern Gaͤngen des Grundbaſſes.
1388 990 1685 1084 §. 213.
459 1083 675 1336 A
449 1093 2665 1811 uf eine Dominante kann oͤfters eine andre Dominante in dia⸗
449 1093 2665 1811 toniſcher Fortſchreitung abſteigend folgen. Z. E. die Domi⸗
449 1093 2665 1811 nante a mit dem Accorde a, C, e, g, kann unterweilen auf den
449 1093 2665 1811 Septimenaccord der Dominante g diatoniſch herabſteigen. Dieſes
449 1093 2665 1811 koͤmmt daher, weil der Accord a, c, e, g, dergeſtalt betrachtet werden
449 1093 2665 1811 kann, als wenn er den umgekehrten Accord der Unterdominante c, e
449 1093 2665 1811 g, a vorſtellete (§. 104). Es kann der Accord g, h, d, f aber auf
449 1093 2665 1811 den Accord der Unterdominante c, e, g, a folgen (. 195). 8).
929 1829 2178 2066 Zweyter Artikel.
929 1829 2178 2066 Von der unterbrochenen Cadenz.
1395 2077 1691 2167 §. 214.
475 2183 635 2344 D
473 2169 2665 2449 ie eine Art von unterbrochener Cadenz wird vermittelſt der Do⸗
473 2169 2665 2449 minante bewerkſtelliget, die diatoniſch auf eine toniſche Note
473 2169 2665 2449 hinaufſteiget (§. 132, 134 z. E.
2498 2598 2658 2694 Die
577 2720 2703 3322 der mit beziffert werden muß, aaa) Wenn die Dominante a, wor⸗
577 2720 2703 3322 zum Exempel: auf die Dominante g folget, eine toni⸗
577 2720 2703 3322 ſche Dominante waͤre, und den Accord
577 2720 2703 3322 a cis e g uber ſich hatte ſo wurde die
577 2720 2703 3322 E i . «
577 2720 2703 3322 . dienet ſich ſolcher auch deswegen ſelten.
577 2720 2703 3322 Man
621 2732 1530 2905 der mit beziffert werden muß,
621 2732 1530 2905 zum Exempel:
1576 2752 2651 3206 aaa) Wenn die Dominante a, wor⸗
1576 2752 2651 3206 auf die Dominante g folget, eine toni⸗
1576 2752 2651 3206 ſche Dominante waͤre, und den Accord
1576 2752 2651 3206 a cis e g uͤber ſich haͤtte: ſo wuͤrde die⸗
1576 2752 2651 3206 ſe Freyheit noch groͤſſer ſeyn. Man ber
1576 2752 2651 3206 dienet ſich ſolcher auch deswegen ſelten.
2498 3206 2658 3296 Man
