2973 3615
926 190 1982 288 aus der Harmonie entſpringt.
2444 205 2516 284 71
1341 352 1556 431 §. 155.
568 458 2521 546 Noch mehr, wir haben bey Gelegenheit der unterbrochenen Ca⸗
393 540 2522 638 denzen erfahren, daß die Verſchiedenheit der Baͤſſe ganz verſchiedene
394 635 2521 722 Wirkungen in einem Geſange hervorbringet, wenn derſelbe auch ſonſt
396 723 1989 806 an ſich einerley bleibet. .
1349 813 1568 887 §. 156.
568 921 2516 1007 Verlanget man weitere Proben? Man brauchet nur die ver⸗
395 1009 2518 1096 ſchiedenen Baͤſſe, die man dem einfaͤltigen Geſange g, c geben kann,
398 1095 2516 1184 zu unterſuchen. Man wird eine große Anzahl derſelben finden, und
394 1182 2517 1271 jeder dieſer verſchiedenen Baͤſſe wird dem Geſange g, c einen verſchie⸗
395 1274 2516 1356 denen Character geben, ob dieſer Geſang gleich allezeit einerley bleibet.
394 1361 2518 1446 Man brauchet alſo nichts mehr, als den Grundbaß einer Melodie zu
396 1442 2516 1525 veraͤndern, um die ganze Natur und Wirkung derſelben zu veraͤndern.
398 1574 2518 1662 Der Herr Rameau hat (in ſeinem nouveau Syſteme de Mu-
398 1656 2516 1753 ſique, Seite 44. Paris 1726.) zwanzig verſchiedene Grundbaͤſſe zu
399 1747 2516 1841 dieſem Geſange g, c entworfen. Nun koͤnnen aus eben demſelben
398 1837 2515 1923 Grundbaſſe verſchiedene Generalbaͤſſe gezogen werden (34). Wie
396 1924 2515 2013 vielerley Mittel bekoͤmmt man da, den Ausdruck eben deſſelben Ge⸗
396 2012 2319 2104 ſanges zu veraͤndern?
998 2161 1919 2269 Allgemeine Anmerkung.
662 2288 2516 2377 Da die diatoniſche Leiter auszwoͤlf halben Toͤnen beſtehet:
558 2378 2516 2464 ſo iſt leicht zu erſehen, daß ein jeder dieſer halben Toͤne beſonders
577 2461 2514 2550 einen Stammton abgeben kann, und daß alſo vier und zwan⸗
576 2547 2518 2644 zig Tonarten, zwoͤlf große und zwoͤlf kleine, vorhanden ſind.
576 2639 2516 2725 Wir haben c dur erwaͤhlet, um alle große Tonarten, und
581 2727 2516 2812 moll, um alle kleine Tonarten uͤberhaupt vorzuſtellen, und
578 2816 2516 2900 dadurch den vielerley Arten der Vorzeichnung, in Anſehung der
583 2900 2515 2988 Kreuze und Been, aus dem Wege zu gehen. Es ſind unſere
585 2989 2515 3075 Regeln von den Tonarten aber allgemein, man mag zum Haupt⸗
582 3076 2492 3165 tone einer Tonart nehmen, welchen Ton der Leiter man will.
2238 3189 2519 3294 Zweytes
