2973 3648
2428 195 2562 290 n7
690 468 2294 800 Vierzehntes Capitel.
690 468 2294 800 Von dem chromatiſchen Geſange.
1339 825 1651 940 §. 245.
409 959 670 1220 M
672 953 2568 1233 an nennet denjenigen Geſang einen chromatiſchen Geſang,
672 953 2568 1233 der aus verſchiedenen auf⸗ oder abwaͤrts hinter einander fol⸗
672 953 2568 1233 genden halben Toͤnen beſtehet, z. E.
1308 1539 1639 1653 §. 246.
391 1647 2569 2035 Wenn der chromatiſche Geſang herunterſteigt: ſo iſt der ge⸗
391 1647 2569 2035 woͤhnlichſte und natuͤrlichſte Grundbaß dazu eine Reihe auf einander
391 1647 2569 2035 folgenden toniſchen Dominanten, die Quartenweiſe ſteigen, oder
391 1647 2569 2035 Quintenweiſe fallen, z. E.
1301 2698 1594 2806 §. 247
384 2819 2575 3105 Wenn der chromatiſche Geſang hinaufſteigt: ſo kann man den
384 2819 2575 3105 Grundbaß aus einer abwechſelnden Folge von toniſchen Noten, und
384 2819 2575 3105 toniſchen Dominanten zuſammenſetzen, als:
1582 3175 1766 3277 P3
