2973 3619
645 168 2231 282 1Buch. IX Cap. Von der kleinen Tonart.
2433 187 2559 288 41
348 307 2559 522 als Melodie Geſetze vorſchreibet. Folglich hat der Ton c allen moͤgli⸗
348 307 2559 522 chen Antheil an der Bildung dieſes neuen Geſchlechts.
1334 547 1600 636 §. 8i.
367 646 2543 901 Man ſiehet annoch, was fuͤr eine Uebereinſtimmung die kleins
367 646 2543 901 Tonart a, c, e mit der harten Tonart c, e, g hat, weil ſie die beyden
367 646 2543 901 gemeinſchaftlichen Toͤne c, e haben.
361 907 2547 1520 Eben dieſes findet in den Nebentoͤnen dieſer beyden Tonarten
361 907 2547 1520 ſtatt, das iſt, (. 40.) in den Tonarten ihrer beyden Ober⸗ und
361 907 2547 1520 Unterquinten. Denn die beyden Nebentoͤne von c, naͤmlich f und g,
361 907 2547 1520 geben die beyden großen Tonarten f, a, c und g, h, d; die beyden
361 907 2547 1520 Nebentoͤne von a, naͤmlich d und e, geben die beyden kleinen Tonarten
361 907 2547 1520 d, f, a, und e, g, h, wovon eine jede zween gemeinſchaftliche Toͤne mit
361 907 2547 1520 den beyden vorhergehenden hat.
1315 1545 1593 1647 §. 82.
374 1647 2560 1836 Die einzige große Tonart e bringet alſo fuͤnf andre, mehr oder
374 1647 2560 1836 weniger mit ihr uͤbereinkommende Tonarten hervor.
368 1842 2554 2279 Man bemerket annoch, daß, wenn man vermittelſt der Terz aus
368 1842 2554 2279 einem Tone in den andern gehet, es ſey auf⸗ oder abſteigend, z. E. aus
368 1842 2554 2279 dem c ins e oder a; aus dem e ins c, oder aus dem a ins c, daß
368 1842 2554 2279 die große Tonart ſich alsdenn in eine kleine, oder die kleine in eine
368 1842 2554 2279 große verwandelt.
1315 2291 1581 2360 §. 83.
368 2367 2509 2664 Man koͤnnte uns allhier zween Einwuͤrfe machen die wi
368 2367 2509 2664 ns allhier zween Emwurfe machen die wir beant⸗
368 2367 2509 2664 worten wollen, ob ſich gleich ihre Aufldſung ohne Muͤhe
368 2367 2509 2664 ee oro wtoſn eie mihe ans imten
1025 2695 1852 2828 Erſter Einwurf.
355 2834 2522 3213 Wir haben augenblicklich gezeiget, wie, vermittelſt der Erzeu⸗
355 2834 2522 3213 gung der weichen Tonart, die Toͤne c und a einander in dem Grund⸗
355 2834 2522 3213 baße auf einander folgen koͤnnen; nachdem gleichwohl oben geſaget
355 2834 2522 3213 worden, daß die beyden Vierklaͤnge c, K, g c und d, ſis, a d nicht
450 3213 2516 3321 Einleit. in die muſic. Setzt. F auf
