2973 3599
964 203 1879 321 des Herrn d Alembert.
377 372 2484 473 die Kaͤnntniß der Tonleiter c d e fgahc, die aller Welt
380 493 1241 586 bekannt iſt, vorausſetzet.
515 593 2484 693 Die Theorie der Harmonie erfordert einige zur Ver⸗
381 701 2484 813 gleichung der Toͤne unter ſich noͤthige arithmetiſche Berech⸗
384 812 2488 917 nungen. Dieſe Berechnungen ſind ſehr kurz, ſehr ſimpel,
381 925 2487 1024 und ich habe mich bemuͤhet, ſie aller Welt begreiflich zu ma⸗
384 1031 2488 1138 chen. Sie erfordern keine Operation, die nicht aufs deutlich⸗
386 1140 2491 1244 ſte erklaͤret ſey, und welche nicht ein Kind mit der geringſten
388 1249 2491 1353 Aufmerkſamkeit verrichten ſollte. Um dieſe Muͤhe gleichwohl
387 1360 2495 1473 denenjenigen zu erſparen, die ſich ſelbiger nicht unterziehen wol⸗
385 1478 2494 1572 len, ſo habe ich dieſe Berechnungen aus dem Terte wegge⸗
385 1582 2497 1684 laſſen, und ſie unten in den Noten beygebracht, welche man
388 1688 2492 1794 uͤbergehen kann, wenn man es fuͤr gut befindet, und zufrieden
388 1798 2495 1902 iſt, die in dem Texte vorgebrachte und in den Noten erwie⸗
391 1916 2494 2011 ſene Saͤtze fuͤr wahr anzunehmen.
505 2015 2493 2134 Das zweyte Buch enthaͤlt die vornehmſten Regeln der
393 2127 2492 2228 Compoſition, oder welches einerley iſt, die Ausuͤbung der
395 2237 2498 2343 Harmonie. Dieſe Regeln ſind auf die in dem erſten Bucho
394 2345 2499 2450 vorgetragene Grundſaͤtze gebauet. Unterdeſſen koͤnnen dieje⸗
395 2458 2499 2561 nigen, die ſich auf die Ausuͤbung einſchraͤnken wollen, ohne
397 2567 2491 2682 ſich in die theoretiſchen Gruͤnde derſelben zu verſteigen, das
398 2678 2490 2776 erſte Buch uͤbergehen, und es bey der Vorbereitung und dem
400 2785 2489 2891 zweyten Buche bewenden laſſen. Diejenigen, die das erſte
396 2904 2487 2997 Buch geleſen haben, werden bey den Regeln des zweyten
398 3010 2494 3107 Buches allezeit Ruͤckweiſer auf denjenigen Ort des erſten Bu⸗
396 3123 2134 3238 ches finden, wo dieſe oder jene Regel bewieſen wird.
1587 3229 2488 3319 a 3 Um
