2973 3589
684 179 2225 292 zu einem bezifferten Generalbaſſe zu finden.
2388 179 2519 285 103
364 323 2576 1050 Der erſte iſt, wenn in dem Generalbaſſe die Ziffern 4, 3, oder
364 323 2576 1050 6, 4 und 3 vorkommen. Die Urſache dieſer Schwierigkeit iſt folgen⸗
364 323 2576 1050 de, weil entweder der Septimenaccord einer ſimpeln Dominante, oder
364 323 2576 1050 der Sextquintenaccord einer Unterdominante der Grundbaß davon
364 323 2576 1050 ſeyn kann. Wenn man alſo die Note a und die Ziffern 4, 3 daruͤ⸗
364 323 2576 1050 ber in einem Generalbaſſe findet: ſo weis man nicht gleich, ob man
364 323 2576 1050 die Unterquinte d mit der Septimenharmonie, oder die Unterterz f
364 323 2576 1050 mit der Sextquintenharmonie zum Grundbaſſe ſetzen ſoll.
1285 1069 1617 1175 §. 229.
370 1175 2544 1526 Der andre Fall iſt, wenn die Generalbaßnote mit 6 und 5 be⸗
370 1175 2544 1526 zeichnet iſt, zum Exempel [tab], da man nicht ſogleich weis, ob man die
370 1175 2544 1526 Note f behalten, oder d mit der Septimenharmonie ſetzen ſoll.
1291 1545 1618 1657 §. 230.
383 1645 2532 2008 Um allhier zu einer Gewißheit zu kommen, unterſuche man die
383 1645 2532 2008 Grundharmonie der folgenden Note, und ſehe, ob in dem Terzquar⸗
383 1645 2532 2008 tenaccorde die Terz oder Quarte, und in dem Sertquintenaccorde die
383 1645 2532 2008 Quinte oder Sexte aufgeloͤſet wird.
546 2027 2519 2459 Wird in dem erſten Accorde die Quarte, und in dem letzten
546 2027 2519 2459 die Serte aufgeloſet: ſo iſt der Grundbaß des Terzquartenac⸗
546 2027 2519 2459 cords eine Terz tiefer, mit der Harmonie von 6 und 5, zu neh⸗
546 2027 2519 2459 men. Bey dem Sextquintenaccorde bleibet eben dieſelbe Note und
546 2027 2519 2459 Harmonie zum Grundbaſſe.
546 2478 2507 2904 Wird in dem erſten Accorde die Terz, und in dem letzten die
546 2478 2507 2904 Quinte aufgeloͤſet: ſo iſt die Unterquinte die Grundnote des
546 2478 2507 2904 erſtern, und die Unterterz die Grundnote des andern. Sowohl
546 2478 2507 2904 die Grundnote des einen als des andern Tons bekoͤmmt die Har⸗
546 2478 2507 2904 monie der Septime l).
2256 2917 2494 3023 Zwoͤlf⸗
364 3017 2513 3274 lll) Oefters koͤmmt im Generalbaſſe Grundbaß die Oberterz mit 6 und 5 iſt,
364 3017 2513 3274 eine mit 7 bezifferte Note vor, deren zum Exempel:
364 3017 2513 3274 Gene⸗
395 3017 1423 3180 lll) Oefters koͤmmt im Generalbaſſe
395 3017 1423 3180 eine mit 7 bezifferte Note vor, deren
1448 3017 2507 3174 Grundbaß die Oberterz mit 6 und 5 iſt,
1448 3017 2507 3174 zum Exemvel:
2319 3186 2488 3261 Gene⸗
