2973 3685
472 181 561 263 64
607 167 2539 272 IBuch. XVI Cap. Von demchromat. Klanggeſchlechte.
476 326 2633 416 ben Tons auf das gis herunter. Denn dieſes gis, welches einen
479 417 2631 506 großen halben Ton unter a iſt, iſt um einen kleinen halben Ton groͤßer,
479 505 1943 595 als g. (Man ſehe die Anmerk. bey y und 2).
1424 643 1701 726 §. 142.
654 750 2636 841 Jede Fortſchreitung des Grundbaſſes mit Terzen, großen und
481 837 2641 929 kleinen, auf-und abwaͤrts, giebet den kleinen halben Ton. Wir ha⸗
484 926 2639 1018 ben ſolches bey den aufwaͤrts ſteigenden Terzen ſchon bemerket. Die
485 1022 2642 1108 Fortſchreitung der kleinen Terzen c, a, im Herunterſteigen, giebet
485 1106 2645 1203 c, cis be), und die Fortſchreitung der großen Terzen c, as, im Herun⸗
485 1198 2614 1284 terſteigen, giebet c, ces 8).
1435 1303 1704 1387 §. 143.
669 1407 2643 1500 Der kleine halbe Ton machet das ſo genannte chromatiſche
485 1497 2646 1587 Klanggeſchlecht aus, und enthaͤlt mit dem diatoniſchen Klangge⸗
490 1591 2646 1679 ſchlechte, welches uns die Quintenfolgen geben (Cap. Vund V1), alle
1085 1931 2583 2029 Neunzehntes Capitel.
560 2058 2583 2202 Von dem enharmoniſchen Klanggeſchlechte.
1439 2252 1714 2331 §. 144.
500 2346 681 2577 D
703 2354 2648 2447 ie beyden aͤußerſten Toͤne c, gis aus dem Grundbaſſe mit Ter⸗
746 2448 2649 2535 zen c, e, gis, geben dieſen Geſang c, his, und dieſe beyden
746 2534 2651 2620 Toͤne c, his ſind von einander um ein kleines Jntervall unter⸗
499 2624 2649 2713 ſchieden, welches man einen enharmoniſchen Viertheilston
503 2709 2649 2802 heißet aa). Dieſer enharmoniſche Viertheilston iſt die Differenz
2402 2808 2648 2895 zwiſchen
583 2935 2648 3012 bb) Wenn a iſt, ſo iſt cis 4aus cc Wenn as iſt, ſo iſt ces aus
504 3018 2647 3089 z, das iſt 4, und c iſt1. Folglich iſt , das iſt 4. Folglich iſt die Ration
501 3094 2330 3169 das Verhaͤltniß von ct cis 1 gegen 44 von c: ces wie 24: 25.
498 3171 2650 3252 oder 24 gegen 25. dd) Wenn gis und his aus
988 3258 2651 3324 iſt:
583 2935 1542 3012 bb) Wenn a iſt, ſo iſt cis 4aus
504 3018 1545 3089 z, das iſt , und c iſt 1. Folglich iſt
501 3094 1543 3169 das Verhaͤltniß von ct cis 1gegen HH
498 3180 1392 3250 oder 24 gegen 25.
1686 2941 2648 3012 ce) Wenn as iſt, ſo iſt ces aus
1605 3021 2647 3089 , das iſt 3z. Folglich iſt die Ration
1607 3102 2252 3156 von c: ces wie 2a: 2.
1653 3149 2650 3252 dch en gis z und his aus i
2568 3258 2651 3324 iſt:
