2973 3641
2458 207 2540 282 83
1140 467 1977 592 Sechſtes Capitel.
685 590 2214 748 Regeln des Grundbaſſes.
1301 772 1582 855 §. 190.
399 892 595 1119 D
596 890 2526 980 a die Noten aus dem Grundbaſſe keine andre Accorde, als
640 982 2526 1067 entweder den vollkommenen, Septimen⸗oder Sextquintenac⸗
643 1067 2524 1154 cord uͤber ſich haben koͤnnen: ſo ſind ſolche entweder toniſche
400 1159 2525 1242 Noten, Dominanten, oder Unterdominanten, und die Dominan⸗
398 1244 1942 1325 ten koͤnnen ſimple oder toniſche Dominanten ſeyn.
397 1332 2525 1421 Der Grundbaß ſoll, ſo viel moͤglich, allezeit mit einer toniſchen
397 1416 2524 1508 Note anheben. Hier folgen itzo die Regeln fuͤr alle folgenden Accor⸗
398 1507 2527 1589 de, Regeln die aus den im L Buche feſtgeſtellten Grundſaͤtzen augen⸗
398 1591 2525 1678 ſcheinlich entſpringen. Sich davon zu uͤberzeugen, brauchet man nur
398 1676 1876 1769 den §. 34. 82. 122. 124. 126. 127. zuruͤck zu leſen.
1217 1823 1712 1917 Erſte Regel.
496 1944 2524 2036 Jn jedem Accorde uͤber einer toniſchen Note, oder uͤber einer to⸗
394 2037 2523 2124 niſchen Dominante, muß zum wenigſten eine Note ſeyn, die ſchon in
400 2125 1878 2213 dem vorhergehenden Accorde gehoͤret worden iſt.
1185 2257 1756 2361 Zweyte Regel.
508 2382 2523 2500 Jn jedem Septimenaccorde uͤber einer ſimplen Dominante, muß
398 2483 2522 2571 die Diſſonanz oder die Septime, ſchon in dem vorhergehenden Accor⸗
401 2573 1379 2660 de als Conſonanz vorher liegen.
1178 2695 1731 2807 Dritte Regel.
577 2840 2523 2925 Jn jedem Accorde der Unterdominante muß zum wenigſten eine
403 2929 2523 3016 von den dazu gehorigen Conſonanzen, in dem vorhergehenden Accor⸗
403 3016 2522 3101 de enthalten ſeyn. Alſo muß in dem Accorde der Unterdominante
404 3102 2522 3195 f a, c, d, entweder das f, oder a, oder c in dem vorhergehenden
1590 3195 2525 3267 L 2 Accor⸗
