2973 3707
473 158 576 246 46
659 154 2498 256 IBuch. X Cap. Von der diatoniſchen Tonleiter rc.
1458 311 1686 397 §. 93
668 420 2670 530 Uebrigens kann man in der diatonlſchen Leiter der weichen Ton⸗
479 512 2202 603 art im Herunterſteigen, als:
469 608 2629 715 a g, f, e, d, c,h, a
477 727 2662 829 das g als eine manierliche Note betrachten, die nur des Geſchmacks
474 818 2663 924 und der Bequemlichkeit wegen, diatoniſch auf f herunter zu gehen,
479 907 2659 1014 hinzugefuget worden iſt. Es wird dieſes aus dem Grundbaſſe
470 997 2272 1098 erhellen:
1068 1084 1809 1180 a, d, a, d, a, e, a,
469 1199 2642 1294 woraus die folgenden Toͤne entſpringen,
1064 1298 2184 1390 a, f e, d, c, h, a
472 1415 2657 1517 welche man als die wahre Leiter der weichen Tonart im Herunter⸗
474 1506 2657 1612 ſteigen betrachten kann, und welcher das g zwiſchen f und a, nur zur
479 1597 2386 1688 Beybehaltung der diatoniſchen Ordnung, hinzugefuͤget wird.
935 1872 1945 1982 Eilftes Capitel.
967 2007 2154 2145 Von der Diſſonanz.
1406 2213 1675 2295 §. 94.
467 2315 709 2547 M
726 2316 2655 2424 an hat ſchon bemerket, daß der Ton c (f, c, g,) zween gemein⸗
772 2409 2657 2518 ſchaftliche Tone mit dem Tone g (c, g/d hat, und zween ge⸗
722 2435 2654 2606 Jee r
469 2587 2655 2696 kann die Baßfortſchreitung c: g ſowohl der Tonart c als g; ſo wie
476 2676 2652 2789 die Baßfortſchreitung f:c oder c: f ſowohl dem Tone c als f zuge⸗
477 2768 2652 2875 hoͤren. Wenn man alſo von c zu f oder g in einem Grundbaſſe fort⸗
476 2856 2651 2956 gehet: ſo weis man noch nicht bis dahin, in was fuͤr einem Tone
472 2943 2652 3058 man iſt. Es waͤre gleichwohl ein Vortheil, ſolches zu wiſſen, und
468 3036 2651 3135 durch ein gewiſſes Mittel den Stammton von ſeinen Quinten unter
473 3124 2661 3215 ſcheiden zu koͤnnen.
2462 3291 2657 3380 §. 95.
