2973 3678
439 196 555 312 50
580 164 2641 305 1Buch. XII Cap. Von dem Doppelgebrauche der Diſſonanz
445 325 2642 800 noch außer derſelben den Ton c bey ſich fuͤhret, vermittelſt weſſen der
445 325 2642 800 Accord d, f, a, c mit dem vorhergehenden c, e, g, c, worinnen dieſes
445 325 2642 800 c vorhanden iſt, verbunden wird. Ferner iſt dieſer Accord d, f a, c
445 325 2642 800 eisentlich nichts anders, als der umgekehrte oder verſetzte Accord
445 325 2642 800 f, a, c, d.
1434 761 1704 870 §. 105.
458 870 2654 1429 Dieſe Art, den Accord der Unterdominante unter zweyerley Ge⸗
458 870 2654 1429 ſtalten vorzuſtellen und zu gebrauchen, wird von dem Hrn. Rameau
458 870 2654 1429 ein Doppelgebrauch der Diſſonanz genennet. Es iſt derſelbe die
458 870 2654 1429 Quelle der ſchoͤnſten Veraͤnderungen in der Harmonie, und wir wer⸗
458 870 2654 1429 den in dem folgenden Capitel ſehen, was fuͤr Vortheile daraus er⸗
458 870 2654 1429 wachſen.
452 1410 2642 2142 Da uͤbrigens dieſer Doppelgebrauch eine Art von Freyheit iſt:
452 1410 2642 2142 ſo muß ſelbiger mit Behutſamkeit ausgeuͤbet werden. Wir haben ge⸗
452 1410 2642 2142 ſehen, daß der Accord d, f, a, c, als umgekehrt von f, a, e, d betrach⸗
452 1410 2642 2142 tet, auf c, e, g, c folgen kann. Aber dieſes kann nicht gegenſeitig
452 1410 2642 2142 geſchehen; und, wenn gleich der Accord c, e, g, c auf f, a, c, d folgen
452 1410 2642 2142 kann: ſo iſt doch nicht daraus zu ſchließen, daß auf den Accord d, f,
452 1410 2642 2142 a, c, als umgekehrt von f, a, c, d betrachtet, der Accord c, e, g, c fol⸗
452 1410 2642 2142 gen koͤnne. Man wird im XVI Cap. die Urſache davon erfahren.
445 2276 2680 2540 Dreyzehntes Capitel.
445 2276 2680 2540 Regeln vom Doppelgebrauche der Diſſonanz.
1389 2559 1723 2687 §. 106.
458 2694 734 2957 W
452 2687 2660 3253 ir haben geſehen (Cap. VI) wie die diatoniſche Leiter von dem
452 2687 2660 3253 Grundbaſſe f, c, g, d, vermittelſt der Wiederholung des
452 2687 2660 3253 Tons g in der Mitte, formiret wird, und daß ſolche urſpruͤng⸗
452 2687 2660 3253 lich aus zweyen aͤhnlichen Tetrachorden zuſammengeſetzet iſt, wovon das
452 2687 2660 3253 eine in dem Tone c, das andre in dem Tone g zu Hauſe iſt. Man
452 2687 2660 3253 kann anitzt, vermittelſt des Doppelgebrauchs der Diſſonanz, den
2481 3220 2648 3310 Ein⸗
