2973 3599
530 434 2156 580 Erſtes Buch,
854 608 2409 686 welches
466 714 2423 888 die Theorie der Harmonie enthaͤlt.
1133 1020 2031 1106 Erſtes Capitel.
602 1142 2276 1277 Vorlaͤuſige und Grunderfahrungen.
1021 1317 1853 1419 Erſte Erfahrung.
1313 1466 1553 1543 §. 20.
385 1569 630 1789 W
636 1567 2487 1646 enn man einen klingenden Koͤrper in Bewegung ſetzet: ſo wird
681 1652 2479 1739 man außer ſeinem Haupttone, und deſſen Oberoctave,
676 1739 2482 1828 zween andere ſehr feine Klaͤnge zugleich mit vernehmen, wo⸗
382 1824 2475 1911 von der eine die Oberduodecime, und der andere die große De⸗
383 1915 2479 1994 cime⸗Septime des Haupttons iſt. Durch Oberduodecime wird be⸗
382 2000 2475 2077 kanntermaßen die Oberoctave der Quinte, und durch die große De⸗
384 2086 2426 2170 cime⸗Septime die zweyfache Oberoctave der großen Terz verſtanden.
1312 2195 1535 2274 §. 21.
547 2278 2472 2361 Dieſe Erfahrung laͤſſet ſich beſonders auf den dicken Seyten ei⸗
384 2363 2470 2446 nes Violoncello ſehr fuͤhlbar machen, allwo ein nur wenig geuͤbtes
382 2451 2469 2538 Ohr, die Duodecime und Decime⸗Septime, wovon die Rede iſt, mit
382 2537 1458 2627 geringer Muͤhe empfinden wird ).
2281 2630 2466 2708 §. 22.
457 2726 2464 2796 c) Weil die Oberoctave des Tons 1 haben, muß man die Zahl, die dieſen Ton
379 2805 2461 2872 durch 2 vorgeſtellet wird: ſo wird es die bezeichnet, mit 2 multipliciren; und um
380 2880 2460 2948 Unteroctave durch , das iſt, wenn der die Unteroctave zu haben, muß man Ge⸗
379 2958 2461 3027 Ton 1 einmal vibrirt, ſo machet die Un⸗ gentheils eben dieſelbe Zahl mit 2 divi⸗
379 3033 1796 3098 teroctave nur eine halbe Vibration. diren.
381 3111 1383 3178 Um alſo die Oberoctave eines Tons zu
457 2726 1388 2789 c) Weil die Oberoctave des Tons
379 2805 1389 2871 durch 2 vorgeſtellet wird: ſo wird es die
380 2880 1389 2948 Unteroctave durch , das iſt, wenn der
379 2958 1385 3021 Ton 1 einmal vibrirt, ſo machet die Un⸗
379 3034 1384 3098 teroctave nur eine halbe Vibration.
381 3111 1383 3178 Um alſo die Oberoctave eines Tons zu
1452 2726 2464 2796 haben, muß man die Zahl, die dieſen Ton
1451 2806 2461 2872 bezeichnet, mit 2 multipliciren; und um
1450 2883 2460 2947 die Unteroctave zu haben, muß man Ge⸗
1450 2959 2461 3027 gentheils eben dieſelbe Zahl mit 2 divi⸗
1449 3033 1796 3093 diren.
451 3169 2461 3257 Einleit. in die muſic. Setzk. B Wenn
