2973 3577
786 166 2141 278 in einem gegebenen Geſange zu ſinden.
2391 197 2516 284 115
380 328 2516 697 weil keine andre toniſche Dominante als g darinnen vorhanden iſt,
380 328 2516 697 und dieſe gehoͤret dem Tone c, und weil uͤberdieſes die Accorde dieſer
380 328 2516 697 verſchiedenen Dominanten aus keinen andern, als ſolchen Toͤnen be⸗
380 328 2516 697 ſtehen, die der Tonleiter c gehoͤren.
400 741 2566 1659 Wenn ich aber dieſen Grundbaß formirte:
400 741 2566 1659 7 7 7 b7
400 741 2566 1659 worinnen die letzte Note c durch den Accord c, e, g, b in eine toni⸗
400 741 2566 1659 ſche Dominante verwandelt wird: ſo wuͤrde ſich bey dieſem c der Ton
400 741 2566 1659 veraͤndern, und man ins f kommen, weil der Accord c, , g, b nir⸗
400 741 2566 1659 gends als auf der toniſchen Dominante von f gemachet wird. Man
400 741 2566 1659 ſiehet es uͤbrigens ſchon an dem b, daß der Ton veraͤndert wird, weil
400 741 2566 1659 der Ton b nicht in die Leiter von c gehoͤret.
399 1671 2572 2382 Wenn man in vorhergehender Reihe von Noten zum d die Har⸗
399 1671 2572 2382 monie von d, fis, a, c nimmt, als:
399 1671 2572 2382 [tab]
399 1671 2572 2382 ſo wird folglich bey dieſem d der Ton ebenfalls veraͤndert, und ſolcher
399 1671 2572 2382 nach g dur hingeleitet werden, u. ſ. w.
412 2445 2522 2632 Hieraus entſpringen folgende Regeln, dermittelſt welcher man
412 2445 2522 2632 die Veraͤnderungen eines Tons in dem Grundbaſſe erkennen kann.
474 2651 2547 3157 1) Wenn man eine toniſche Note in dem Grundbaſſe findet, ſo
474 2651 2547 3157 iſt man in dem Tone dieſer Note, und dieſer Ton kann dur
474 2651 2547 3157 oder moll ſeyn.
474 2651 2547 3157 2) Wenn man eine Unterdominante findet: ſo iſt man in dem To⸗
474 2651 2547 3157 ne der Oberquinte von dieſer Unterdominante, und der Ton
1542 3150 2534 3263 P 2 kann
