2973 3638
453 183 2065 281 4 Anmerkungen des Ueberſetzers
612 329 2583 425 (35) Zum §. 179. Man kann wegen des Gebrauchs der Septimenac⸗
454 405 2342 500 corde mein Handbuch bey der Compoſition zu Rathe ziehen.
609 542 1820 618 (6) (37) Zum §. 185. 186. Man kann di
457 545 2579 701 z.aklAfl/ze ies. n tun e umrtuns by ( (o
452 705 2582 822 (s) Zum §. i87. Der Verfaſſer iſt der erſte, der ſo vielerley Arten von Domi.
456 822 2581 899 nanten unterſcheidet. Ehedeſſen ward, ſo wie annoch bey allen andern Scriben⸗
457 898 2581 977 ten, nur die Quinta Toni, die der Verfaſſer toniſche Dominante nennet, eine
457 979 2580 1060 Dominante genennet. Man muß hier alſo toniſche Dominanten, ſimple Do⸗
456 1060 2581 1210 minanten, und Unterdominanten merken, wenn man den Verfaſſer gehoͤrig ver⸗
446 1133 2576 1213 ſtehen will.
610 1232 2577 1344 (39) Zum §. 189. Man kann aus dieſem Grundbaſſe auch die Diſſo.
455 1337 2150 1431 nanzen ganz wohl weglaſſen, als:
1042 1457 2026 1539 Geſang.cdef g
1087 1543 1933 1621 Grundbaß.egef c
444 1647 2576 1746 Es koͤnnen naͤmlich auf den Noten des Grundbaſſes lauter vollkommene Accorde
441 1836 2549 1933 (40) Die zweyte Note kann entweder eine toniſche Note ſeyn, als bey (a
451 1864 2584 2022 .»RreXr:ere t:
451 2004 2346 2078 eine Unterdominante, als bey (c).
465 2563 1035 2602 R
458 2795 2569 2881 Die Exempel bey (a) ſind gut. Die bey (b) ſind verſchiedener Art. Die
453 2873 2569 2963 ohne Vorbereitung anſchlagenden Septimenſaͤtze werden in der galanten Schreib⸗
456 2954 2567 3046 art zwar auf dieſe Art; in der ſtrengern Schreibart aber dergeſtalt ausgeuͤbet,
455 3028 2566 3118 daß die Septime im Durchgange vorkoͤmmt. Bey dem erſtern Falle findet
456 3108 2568 3203 eine Vorausnehmung dieſes Durchganges (anticipatio tranſitus) ſtatt.
1263 3204 2569 3267 . Die
