2973 3622
771 164 2184 273 diatoniſchen Tonleiter der heutigen Zeit.
2421 188 2535 267 27
369 307 2526 521 ſpruͤnglich aus der Tonartc, (f:c: g), und der Tonart g, (c:g: d
369 307 2526 521 zuſammengeſetzt iſt.
364 491 2526 783 Man ſiehet auch, daß dieſe Leiter aus zween Theilen beſteht, wo⸗
364 491 2526 783 von der eine c, d, e, f, g in dem Tone c, und der andre g, , h,c in
364 491 2526 783 dem Tone g zu Hauſe iſt.
1331 773 1624 868 §. 57.
385 887 2536 1780 Aus dieſer Urſache hat man das g in dieſer Leiter zweymal hin⸗
385 887 2536 1780 ter einander geſetzet, das erſte mal als Quinte von dem c aus dem
385 887 2536 1780 Grundbaſſe; das andre mal als die Octave von g aus dieſem Baſſe.
385 887 2536 1780 Uebrigens ſtehen dieſe beyden wiederholten Toͤne g in dem vollkom⸗
385 887 2536 1780 menen Einklange, und aus dieſer Urſache begnuͤget man ſich, nur ein
385 887 2536 1780 g davon im Singen auszuſprechen, als c, d, e, f, g, a, h,c. Aber
385 887 2536 1780 dieſes verhindert nicht, nach dem Tone f einen ausgedruckten oder
385 887 2536 1780 darunter verſtandenen Ruhepunct anzubringen. Es iſt niemand,
385 887 2536 1780 der ſolches, wenn er die Tonleiter ſelbſt auſtimmet, nicht bemerken
385 887 2536 1780 ollte.
1302 1740 1584 1839 §. 58.
365 1854 2516 2573 Man kann die Tonleiter der neuern Zeit alſo als zwey unverbun⸗
365 1854 2516 2573 dene Tetrachorde, die einander vollkommen aͤhnlich ſind, als c, d,e, f,
365 1854 2516 2573 und g, , h, c, jenes in der Tonart c, dieſes in der Tonart g, betrach⸗
365 1854 2516 2573 ten. Uebrigens werden wir in der Folge ſehen, durch was fuͤr ein
365 1854 2516 2573 Huͤlfsmittel man der Tonleiterc, d, e, f, g, a, h, c das Anſehen geben
365 1854 2516 2573 kann, als wenn ſie in der Tonart c allein zu Hauſe ſey. Man
365 1854 2516 2573 braucht, dieſes zu bewerkſtelligen, nur einige Veraͤnderungen in dem
365 1854 2516 2573 Grundbaſſe zu machen, wie bald mit mehrern gezeiget werden ſoll.
1277 2592 1584 2687 §. 59.
375 2701 2517 3172 Die Einfuͤhrung der Tonart g in den Grundbaſſe machet, daß die
375 2701 2517 3172 drey ganze Toͤne f, g, , h, unmittelbar auf einander in der Ton-
375 2701 2517 3172 leiter folgen koͤnnen, welches (§. 48) in der Tonleiter der Griechen
375 2701 2517 3172 nicht ſtatt hat, weil ſie aus der alleinigen Tonart c formiret iſt.
375 2701 2517 3172 Hieraus folget:
1445 3172 2521 3272 D 2 )Daß
