2973 3686
455 179 551 267 96
775 169 2304 266 Buch. IX Cap. Von einigen Freyheiten
640 326 2450 420 Von verſchiedenen Arten untergeſchobener Accorde.
1420 463 1695 544 9. 216.
654 573 2633 662 Es iſt leicht zu ſehen, daß es verſchiedene Arten von unterge⸗
470 667 2634 757 ſchobenen Accorden geben kann. So giebet z. E. der Accord von der
471 750 2054 834 toniſchen Dominante g, h, d, f
555 865 2632 963 1) den vierſtimmigen Undecimenaccord c, g, h, d, f, oder
640 959 2632 1048 c, d, f, g, h, welcher aus der Quinte, Septime, None
645 1049 2632 1132 und Undecime beſtehet, und durch den Zuſatz der Unterquinte c
567 1135 2634 1231 zu g, h, d, f entſpringet. Man beziffert ſelbigen durch 9, 7
580 1227 2633 1312 und 4 8). Es findet derſelbe nur auf einer toniſchen Note
642 1315 2633 1405 ſtatt. Man laͤſſet die tonbezeichnende Note oder die große Se⸗
652 1406 2635 1490 ptime ofters davon weg. Die Urſache dieſer Weglaſſung wer⸗
642 1491 2629 1579 den wir in der Anmerkung tf) zu dem §. 219. beybringen. Er
639 1579 2632 1671 beſtehet alsdenn aus c, d, f, g, und wird mit 9 und 4 be⸗
669 1676 834 1754 iffert.
552 1693 2629 1849 )WWenn man zu g,h, d, f die Unterterz e hinzuthut: ſo entſte
640 1845 2628 1942 het der Ronenaccord e, g,h, d, f, welcher aus der Terz,
598 1937 2626 2022 Quinte, Septime und None zuſammengeſetzet iſt. Er wird
635 2022 2629 2112 mit 9 und 7 beziffert. Dieſe Unterterz kann jedem Septimen⸗
640 2107 1689 2203 accorde hinzugefuͤget werden s).
1301 2238 1794 2345 Anmerkung.
1406 2374 1680 2449 §. 217.
635 2483 2620 2571 Wenn die Dominante keine toniſche Dominante iſt: ſo laͤſſet
455 2573 2618 2648 man oͤfters einige Noten aus dem Accorde weg. Setzet z. E. daß in
2495 2677 2619 2740 dem
532 2796 2617 2867 cee) Einige Muſiei pflegen dieſen Ae⸗ geſchieht ſolches der Bequemlichkeit hal⸗
458 2876 2616 2947 cord mit 7 und 2 zu beziffern, welches ber, weil die einfachen Zahlen leichter in
456 2956 2272 3028 aber nicht richtig iſt, indem das d in die Sinne fallen.
457 3027 2614 3111 c gh df keine Secunde, ſondern eine ddd) Die Unterſchiebung vermehret
455 3109 2616 3182 None iſt. Wenn die Undecime f mit die Diſſonanzen eines Accords. Wenn
455 3189 2618 3268 einer 4, anſtatt bezeichnet wird: ſo man z. E. zu dem Accorde e g h d die
459 3274 2618 3329 Unter⸗
532 2798 1508 2867 cce) Einige Muſiei pflegen dieſen Ae.
458 2879 1509 2947 cord mit 7 und 2 zu beziffern, welches
456 2956 1509 3028 aber nicht richtig iſt, indem das d in
457 3031 1510 3111 c gh df keine Secunde, ſondern eine
455 3109 1513 3182 None iſt. Wenn die Undecime f mit
455 3191 1512 3268 einer 4, anſtatt 1 bezeichnet wird: ſo
1575 2796 2617 2865 geſchieht ſolches der Bequemlichkeit hal⸗
1575 2876 2616 2945 ber, weil die einfachen Zahlen leichter in
1574 2956 2272 3007 die Sinne fallen.
1652 3027 2614 3102 ddd) Die Unterſchiebung vermehret
1576 3113 2616 3180 die Diſſonanzen eines Accords. Wenn
1578 3189 2618 3259 man z. E. zu dem Accorde e g h d die
2457 3274 2618 3329 Unter⸗
