2973 3685
1243 203 1742 314 Vorbericht
392 368 2612 930 grund, der mich ſchluͤßig machen koͤnnen, ein Buch gemein
392 368 2612 930 zu machen, womit ich nicht anſtehen wuͤrde, mir Ehre zu
392 368 2612 930 machen, wenn der Grundſtof davon mir zugehoͤrete, wovon
392 368 2612 930 ich mir aber nichts als die Ordnung, und die etwan darinnen
392 368 2612 930 vorkommenden Fehler, zuzueignen habe.
379 918 2637 1946 — Es iſt hier nicht die Rede von dem phyſiſchen Grund⸗
379 918 2637 1946 ſatze der Erklingung der Koͤrper, noch weniger von dem me⸗
379 918 2637 1946 taphyſiſchen Grundſatze der Empfindung der Harmonie.
379 918 2637 1946 Beydes iſt beynahe ſo gut bekannt, und wird es, wahrſcheinli⸗
379 918 2637 1946 cher Weiſe, beynahe allezeit ſeyn, wie zu den Zeiten des Py⸗
379 918 2637 1946 thagoras. Es iſt hier nur die Frage: wie man aus einem
379 918 2637 1946 einzigen auf die Erfahrung gebaueten Grundſatze, die von den
379 918 2637 1946 Kuͤnſtlern nur gleichſam im Tappen gefundene Regeln der
379 918 2637 1946 Harmonie ableiten koͤnne.
392 1933 2631 2500 Jn der Abſicht, dieſes Werk, ſo viel als moͤglich, gemein⸗
392 1933 2631 2500 nuͤtzig zu machen, habe ich mich bemuͤhet, es ſo einzurichten,
392 1933 2631 2500 daß auch Perſonen, die gar nichts von der Muſik wiſſen, ihre
392 1933 2631 2500 Rechnung dabey finden moͤgen. Hier iſt der Plan, dem ich
392 1933 2631 2500 gefolget bin.
450 2506 2644 2867 Jch fange mit einer kurzen Vorbereitung an, worinnen
450 2506 2644 2867 ich die gebraͤuchlichſten Kunſtwoͤrter, als: Accord, Harmo⸗
450 2506 2644 2867 nie, Terz, Quarte, u. ſ. w. erklaͤre.
424 2853 2631 3316 Jch komme nach dieſem zur Theorie der Muſik, die ich,
424 2853 2631 3316 nach dem Herrn Rameau, ſo deutlich als nur moͤglich iſt, vor⸗
424 2853 2631 3316 trage. Es iſt ſolche die Materie des erſten Buches, welches,
424 2853 2631 3316 ſo wie die Vorbereitung, keine andere Kaͤnntniß der Muſik, als
2470 3297 2650 3387 die
