2973 3662
471 229 571 285 114
869 200 2201 291 I Buch. XIII Cap. Den Grundbaß
475 359 2605 447 Exempel, ich ſetze, daß ich in dem Tone c bin, und daß ich in dem
477 450 2607 542 Geſange folgende zwo Noten finde a, h. Wenn ich es mir hier ge⸗
478 538 2611 628 nug ſeyn laſſe, einen von dieſen dreyen Toͤnen c, g, f, in den
478 623 2607 714 Grundbaß zu ſetzen: ſo finde ich fuͤr den Geſang a, h, keinen andern,
476 710 2604 805 als folgenden Grundbaß f, g. Aber dieſe Fortſchreitung von f zu g
476 796 2610 908 iſt vermittelſt der fuͤnften Regel des Grundbaſſes verboten, als nach
474 886 2609 1046 welcher jede Unterdominante als f, eine Quinte aufwaͤrts gehen ſoll;
473 1048 2612 1137 daß folglich nicht die Note g, ſondernc auf das f in dem Grund⸗
476 1139 1934 1223 baſſe folgen kann.
542 1245 2609 1335 Dieſer Ungleichheit abzuhelfen, kehret man den Accord der Un⸗
473 1336 2611 1426 terdominante f, a, c, d um, und macht ihn zum Septimenaccorde
474 1424 2611 1513 d, f, a, e, welches man den Doppelgebrauch nennet, (§. 105.)
471 1516 2609 1598 weil hierinnen die zweyte Art, den Aecord der Unterdominante zu ge⸗
476 1597 2606 1722 brauchen, beſtehet. Der Geſang a, h, bekoͤmmt vermittelſt dieſes
473 1683 2608 1893 Verfahrens den Grundbaß d, g, deſſen Fortſchreitung den Regeln
476 1831 1924 1902 gemaß iſt.
654 1919 2604 2008 Alſo haben wir folgende vier Accorde,ce g hd f
1351 1964 2508 2021 BUV V V/ / 4 V/
477 1969 2607 2113 f, a, c, d, und d, f, a, c, die man in e dur gebrauchen kann.
487 2119 2606 2219 Man wird dieſe vier Accorde in a moll ebenfalls finden: az c,
475 2203 2608 2294 e, a; e, gis, h, d; d, f, a, h, und h, d, f, a; und in dieſer letz⸗
475 2291 2605 2382 ten Tonart wird, durch Veraͤnderung des f in fis, der letztere Ac⸗
475 2378 1710 2465 cord oͤfters in h, d, ſis, a, verwandelt.
652 2458 2604 2575 Außer dieſen itzt erwaͤhnten Accorden, die man als die vornehm⸗
473 2584 2604 2671 ſten eines Tons betrachten muß, giebet es noch verſchiedene andre,
472 2672 2423 2759 z. E. dieſe Folge von Dominanten:
475 3042 2602 3158 worinnen mit der toniſchen Note c angefangen und geſchloſſen wird,
474 3141 2603 3225 nd welche Reihe von Accorden gaͤnzlich in den Ton e dur gehoͤret,
2475 3239 2601 3306 weil
