2973 3594
950 183 2530 277 Anmerkungen des Ueberſetzers. 127
424 338 2528 415 Tons. Jſt aber die Veroͤnderung ſehr groß, ſo wie in den ungleichſchwo⸗
424 418 2525 491 benden Stimmungen; ſo kann dieſe Beſchaͤfftigung mit dem Grundbaſſe das
418 495 2525 570 Misvergnuͤgen des Ohrs uͤber dieſe Unreinigkeit wohl nicht verhindern. Waͤre
414 573 2523 646 dieſes, ſo waͤre es einerley, ob eine Quinte uͤber oder unter ſich ſchwebete c.
416 650 2527 723 Es iſt alſo wohl nicht ſo gar einerley, was man ſich fuͤr eine Temperatur er⸗
415 729 2525 802 waͤhlet. Zum wenigſten kann man eine ſolche nicht erwaͤhlen, wo fuͤnf bis ſechs
414 804 2524 877 unertraͤgliche Tonarten vorkommen, aus welchen man nichts ſpielen kann, wie
412 881 2521 959 der Verfaſſer ſelbſt behauptet. Hier wird die Alteration dem Gehoͤre gar zu
411 960 2522 1036 merklich, und folglich verdrießlich. Jn allen Temperaturen aber, wo die
410 1035 2519 1111 zwoͤlf halben Toͤne nicht in gleicher geometriſchen Proportion einer von dem an⸗
413 1114 2520 1191 dern abſtehen, giebet es ſolche zu merkliche und verdrießliche Alterationen, wel⸗
409 1192 2515 1271 ches nicht anders ſeyn kann, indem, wenn ein Ton zu gut iſt, nothwendig ein
409 1269 2126 1344 anderer zu ſchlecht ſeyn muß.
435 1361 2516 1448 (24) Die Stimme temperiret natuͤrlicher Weiſe, und giebet einer guten
407 1444 2515 1525 Temperatur nach. Aber einer ſchlechten? Man accompagnire eine Stimme
402 1523 2513 1598 auf einem uͤbelgeſtimmten Claviere, z. E. aus dem h, fis oder as dur, wenn
402 1597 2512 1673 daſelbſt die große Terz fis ais, und h dis, c. nebſt der Quinte as es,
402 1676 2511 1752 unleidlich zu hoch ſind. Die Erfahrung wird lehren, daß die Stimme des
400 1752 2511 1829 geuͤbteſten Saͤngers dieſer uͤblen Temperatur niemals gaͤnzlich nachgeben, und
403 1830 2508 1907 daß ſich folglich zwiſchen der Stimme und dem Claviere eine unertraͤgliche Ca⸗
403 1907 2506 1985 cophonie ereignen wird, der Cacophonie zwiſchen den uͤbrigen Jnſtrumenten
404 1984 2494 2053 und dem Claviere nicht zu gedenken.
554 2080 2511 2159 (25) (a6) Der Verfaſſer machet einen Unterſcheid zwiſchen dem Sertquin⸗
403 2157 1572 2244 tenaccorde in folgendem Exempel:
399 2721 2050 2799 und zwiſchen dem Sextquintenaccorde in folgendem Exempel :
1426 3015 1558 3087 3
