2973 3594
400 1578 2438 2040 Einleitung 
in die Muſicalische Setzkunst
nach den Lehrſaͤtzen des Herrn Rameau.
Vorbereitung,
worinnen verſchiedene Kunſtwoͤrter
erklaͤret werden.
400 1578 2438 2040 worinnen verſchiedene Kunſtwoͤrter
400 1578 2438 2040 erklaͤret werden.
385 2097 2492 2509 . Erſt es Capitel.
385 2097 2492 2509 Was man durch Melodie, Accord, Har⸗
385 2097 2492 2509 monie, Jntervall, verſtehet.
1322 2503 1572 2598 §. 1.
652 2622 2527 2891 Der Geſang oder die Melodie iſt nichts anders, als eine
652 2622 2527 2891 Reihe von Toͤnen, die auf eine das Gehoͤr ergotzende Art
652 2622 2527 2891 hinter einander folgen ().
1324 2896 1553 2988 §. 2.
381 2999 2499 3259 Wenn einige Toͤne zuſammen angeſchlagen werden, ſo nennet
381 2999 2499 3259 man ſolches einen Accord, und eine Reihe von Accorden, die in ihrer
381 2999 2499 3259 Folge das Ohr vergnugen, heißt eine Harmonie (2).
425 3257 2501 3370 Einleit. in die muſic. Setzk. A §. 3.
