2973 3660
1254 211 1752 301 Vorbereitung.
2506 237 2554 298 8
429 357 2549 535 in der Folge die Urſache davon angeben, und man kann ſich vermit⸗
429 357 2549 535 telſt der Erfahrung davon uͤberzeugen ).
1761 527 2577 616 A2 §. 7.
402 601 1463 1719 2) Dieſe Erfahrung iſt leicht zu ma⸗
402 601 1463 1719 chen. Man ſinge die Toͤne c. d. e. f g.
402 601 1463 1719 a. h. c. und man wird ſofort ohne Muͤhe
402 601 1463 1719 bemerken, daß die halbe Tonleiter g. a.
402 601 1463 1719 h. c. der halben Tonleiter c. d. e. f. ganz
402 601 1463 1719 aͤhnlich iſt; und daß, wenn man damit
402 601 1463 1719 zu Ende iſt, und wieder von vorne an⸗
402 601 1463 1719 fangen, den Ton c aber in der Hoͤhe des
402 601 1463 1719 Tons g nehmen wollte, das d alsdenn
402 601 1463 1719 wie a, das e wie h, und das f wie c
402 601 1463 1719 klingen wuͤrde. Hieraus folget, daß das
402 601 1463 1719 Jntervall c: d dem Jntervalle g: a;
402 601 1463 1719 und d: e dem Jntervalle a: h, und e: f
402 601 1463 1719 dem Jntervalle h: c gleich iſt.
371 1705 1452 3013 Man wird ebenfalls finden, daß der
371 1705 1452 3013 Unterſcheid zwiſchen d und e, und zwi⸗
371 1705 1452 3013 ſchen f und g, dem Unterſcheide zwiſchen
371 1705 1452 3013 c und d gleich iſt. Sich davon zu uͤber⸗
371 1705 1452 3013 zeugen, braucht man die Tonleiter nur
371 1705 1452 3013 erſtlich einmal durchzuſingen, und, wenn
371 1705 1452 3013 man ſolche hernach wieder von vorne an⸗
371 1705 1452 3013 fangen will, dem c den Ton zu geben,
371 1705 1452 3013 den vorhero d hatte. Man wird als⸗
371 1705 1452 3013 denn befinden, daß das d dieſes zweyte
371 1705 1452 3013 Mal eben ſo klingen wird, als das e
371 1705 1452 3013 zuvor klang. Hieraus folget, daß das
371 1705 1452 3013 Jntervall d: e, dem Jntervalle c: d,
371 1705 1452 3013 zum wenigſten dem Gehoͤre nach, gleich iſt.
371 1705 1452 3013 Durch eben dieſen Verſuch wird man die
371 1705 1452 3013 Toͤne f: g und ad ebenfalls unter ſich
371 1705 1452 3013 gleich befinden.
407 3003 1471 3434 Dieſe Erfahrung kann demjenigen et⸗
407 3003 1471 3434 was beſchwerlich ſeyn, der nicht viel zu
407 3003 1471 3434 ſingen gewohnt iſt. Mau kann ſie aber
407 3003 1471 3434 mit leichter Muͤhe beym Claviere ma⸗
407 3003 1471 3434 chen, als vermittelſt weſſen man die Toͤne
1489 614 2565 1245 nicht im Kopfe zu behalten braucht.
1489 614 2565 1245 Wenn man auf demſelben die Taſten g. a.
1489 614 2565 1245 h. c. angiebt, und zugleich c. d. e. f.
1489 614 2565 1245 dazu anſtimmet; indem man naͤmlich den
1489 614 2565 1245 Ton c in der Hoͤhe des Tons g nimmt:
1489 614 2565 1245 ſo wird man bemerken, daß das d der
1489 614 2565 1245 Stimme wie das a auf dem Claviere
1489 614 2565 1245 klinget, u. ſ. w.
1472 1237 2576 2547 Man wird auf eben dieſem Claviere
1472 1237 2576 2547 erfahren, daß, wenn man die Tonleiter
1472 1237 2576 2547 durchſingen und dem c den Ton von e
1472 1237 2576 2547 geben will, das d, welches auf c folget,
1472 1237 2576 2547 ungleich hoͤher ſeyn wird, als das f, wel⸗
1472 1237 2576 2547 ches auf e folget. Hieraus wird man
1472 1237 2576 2547 ſchließen, daß das Jntervall e: f kleiner
1472 1237 2576 2547 als das Jntervall c: d iſt; und, wenn
1472 1237 2576 2547 man von f zu einem andern Tone z. E.
1472 1237 2576 2547 zu fis hinaufſteiget, der ſich gegen f
1472 1237 2576 2547 eben ſo ungefaͤhr verhaͤlt, wie f gegen e:
1472 1237 2576 2547 ſo wird man finden, daß der Unterſcheid
1472 1237 2576 2547 zwiſchen dem e und dieſem neuen Tone
1472 1237 2576 2547 fis dem Unterſcheide der Toͤne c: d un⸗
1472 1237 2576 2547 gefaͤhr gleich iſt. Folglich enthaͤlt das
1472 1237 2576 2547 Jntervall e: f ungefaͤhr die Haͤlfte des
1472 1237 2576 2547 Jntervalls c: d.
1478 2537 2562 3450 Weil alſo die beyden halben Tonleitern
1478 2537 2562 3450 c. d. e. f.
1478 2537 2562 3450 g. a. h. c.
1478 2537 2562 3450 einander vollkommen aͤhnlich, und die
1478 2537 2562 3450 Jntervalle c: d, d: e, und f: g ein⸗
1478 2537 2562 3450 ander gleich ſind: ſo folget daraus, daß
1478 2537 2562 3450 die Jntervalle g: a, a: h annoch den
1478 2537 2562 3450 drey Jntervallen c: d, d: e, und f: g,
1478 2537 2562 3450 und daß die Jntervalle e: f und h: c
1478 2537 2562 3450 auch einander gleich, dieſe letztern aber nur
1478 2537 2562 3450 halb ſo groß als die vorhergehenden ſind.
347 584 2662 3455 a) Dieſe Erfahrung iſt leicht zu ma⸗ nicht im Kopfe zu behalten braucht.
347 584 2662 3455 chen. Man ſinge die Toͤne c. d. e. f g. Wenn man auf demſelben die Taſten g. a.
347 584 2662 3455 a. h. c. und man wird ſofort ohne Muͤhe h. c. angiebt, und zugleich c. d. e. f.
347 584 2662 3455 bemerken, daß die halbe Tonleiter g.a. dazu anſtimmet; indem man naͤmlich den
347 584 2662 3455 h. c. der halben Tonleiter c. d. e. f. ganz Ton c in der Hoͤhe des Tons g nimmt:
347 584 2662 3455 aͤhnlich iſt; und daß, wenn man damit ſo wird man bemerken, daß das d der
347 584 2662 3455 zu Ende iſt, und wieder von vorne an⸗ Stimme wie das a auf dem Claviere
347 584 2662 3455 fangen, den Ton c aber in der Hoͤhe des klinget, u. ſ. w.
347 584 2662 3455 Tons g nehmen wollte, das d alsdenn Man wird auf eben dieſem Claviere
347 584 2662 3455 wie a, das e wie h, und das f wiec erfahren, daß, wenn man die Tonleiter
347 584 2662 3455 klingen wuͤrde. Hieraus folget, daß das durchſingen und dem c den Ton von e
347 584 2662 3455 Jntervall c: d dem Jntervalle g: a; geben will, das d, welches auf c folget,
347 584 2662 3455 und d: e dem Jntervalle a: h, und e: f ungleich hoͤher ſeyn wird, als das f, wel⸗
347 584 2662 3455 dem Jntervalle h: c gleich iſt. ches auf e folget. Hieraus wird man
347 584 2662 3455 Man wird ebenfalls finden, daß der ſchließen, daß das Jntervall e: f kleiner
347 584 2662 3455 Unterſcheid zwiſchen d und e, und zwi⸗ als das Jntervall c: d iſt; und, wenn
347 584 2662 3455 ſchen f und g, dem Unterſcheide zwiſchen man von f zu einem andern Tone z. E.
347 584 2662 3455 c und d gleich iſt. Sich davon zu uͤber⸗ zu fis hinaufſteiget, der ſich gegen f
347 584 2662 3455 zeugen, braucht man die Tonleiter nur eben ſo ungefaͤhr verhaͤlt, wie f gegen e:
347 584 2662 3455 erſtlich einmal durchzuſingen, und, wenn ſo wird man finden, daß der Unterſcheid
347 584 2662 3455 man ſolche hernach wieder von vorne an⸗ zwiſchen dem e und dieſem neuen Tone
347 584 2662 3455 fangen will, dem c den Ton zu geben, fis dem Unterſcheide der Toͤne c: d un⸗
347 584 2662 3455 den vorhero d hatte. Man wird als⸗ gefaͤhr gleich iſt. Folglich enthaͤlt das
347 584 2662 3455 denn befinden, daß das d dieſes zweyte Jntervall e: f ungefaͤhr die Haͤlfte des
347 584 2662 3455 Mal eben ſo klingen wird, als das e Jntervalls c: d.
347 584 2662 3455 zuvor klang. Hieraus folget, daß das Weil alſo die beyden halben Tonleitern
347 584 2662 3455 Jntervall d: e, dem Jntervalle c: d,c. d. e. f.
347 584 2662 3455 zum wenigſten dem Gehoͤre nach, gleich iſt. g. a. h. c.
347 584 2662 3455 Durch eben dieſen Verſuch wird man die einander vollkommen aͤhnlich, und die
347 584 2662 3455 Toͤne f: g und ad ebenfalls unter ſich Jntervalle c: d, d: e, und f: g ein⸗
347 584 2662 3455 gleich befinden. ander gleich ſind: ſo folget daraus, daß
347 584 2662 3455 Dieſe Erfahrung kann demjenigen et⸗ die Jntervalle g: a, a: h annoch den
347 584 2662 3455 was beſchwerlich ſeyn, der nicht viel zu drey Jntervallen c: d, d: e, und f: g,
347 584 2662 3455 ſingen gewohnt iſt. Mau kann ſie aber und daß die Jntervalle e: f und h: c
347 584 2662 3455 mit leichter Muͤhe beym Claviere ma⸗ auch einander gleich, dieſe letztern aber nur
347 584 2662 3455 chen, als vermittelſt weſſen man die Toͤne halb ſo groß als die vorhergehenden ſind.
