2973 3636
738 189 2156 278 1Buch. viI Cap. Von den Cadenzen
2415 205 2498 275 37
379 329 2490 429 ſind: ſo wird man dennoch keine Art von Cacophonie, die natuͤrli⸗
377 423 2485 513 cher Weiſe daraus entſtehen ſollte, empfinden, weil das Ohr die Dif⸗
375 512 2442 608 ferenzen nicht beobachtet, und die Jntervalle fuͤr gut annimmt. (24).
551 597 2494 692 Andre Erfahrung. Man gebe die drey Toͤne e: g: h auf
376 690 2488 777 der Orgel an. Man wird niemals mehr als den weichen Drey⸗
378 775 2487 865 klang hoͤren, obgleich, vermoͤge der Conſtruction dieſes Jnſtru⸗
377 857 2483 956 ments, mit dem e ein gis; mit dem g ein d, und mit dem h
368 950 2485 1040 ein fis erklinget, und das Ohr folglich von allen dieſen Toͤnen:
374 1035 2485 1133 d, e, fis, g, gis, h auf einmal beweget wird. Was fuͤr Dißo⸗
376 1124 2488 1218 nanzen mit einmal, und was wuͤrde dem Ohre fuͤr ein Miß⸗
374 1211 2489 1304 vergnuͤgen dadurch verurſachet werden, wenn der harmoniſche
366 1299 2488 1395 Dreyklang, wovon es zum voraus eingenommen iſt, daßelbe nicht
370 1399 2082 1478 verhinderte?
1099 1638 1764 1726 Achtes Capitel.
541 1774 2312 1912 Von den Ruhepuncten und Cadenzen.
1322 1948 1542 2049 §. 73.
376 2073 549 2327 J
549 2072 2488 2157 n einem Quintenweiſe fortgehenden Grundbaße iſt allezeit, oder
592 2161 2488 2249 es kann allezeit von einem Tone zum andern ein Ruhepunct
594 2240 2484 2336 ſeyn; Aber ſolcher iſt mehr oder weniger fuͤhlbar, und folglich
373 2334 2483 2420 mehr oder weniger vollkommen. Steiget man Quintenweiſe, z. E.
378 2418 2480 2511 gehet man von c zur Quinte g: ſo iſt es der Stammton, der ſich zu
378 2505 2482 2596 einer ſeiner Quinten fortbeweget, und dieſe Quinte exiſtirte ſchon
377 2599 2483 2686 vorher in ihrem Stammtone. Aber dieſer iſt nicht mehr in jener vor⸗
378 2685 2481 2771 handen; und das Ohr, welches dieſen Stammton als den Grund
378 2772 2480 2860 aller Harmonie und Melodie betrachtet, ſuchet ſelbigen wieder. Der
377 2855 2476 2949 Fortgang von einem Tone zu ſeiner Oberquinte wird alſo ein unvoll⸗
376 2946 2476 3034 kommener Ruhepunct, oder eine unvollkommene Cadenz; der
377 3036 2480 3123 Fortgang eines Tons aber zu ſeiner Unterquinte ein vollkommener
378 3126 2479 3209 Ruhepunet oder eine vollkommene Cadenz genennet. Es iſt das
1497 3205 2481 3297 E3 Pro—
