2973 3641
450 176 537 263 70
851 166 2188 257 1Buch. XXIl Cap. Daß die Melodie
1385 316 1442 407 s.
1525 328 1638 409 15i.
456 435 2572 537 Das aus der Fortſchreitung der Terzen beſtehende chromati
457 522 2572 626 ſche Klanggeſchlecht iſt nach dem vorhergehenden das natuͤrlichſte.
1401 658 1639 734 §. 152.
628 759 2591 853 Das enharmoniſche Klanggeſchlecht endlich iſt das am we⸗
458 857 2591 945 nigſten angenehmſte von allen, weil der daſſelbe hervorbringende
458 946 2592 1030 Grundbaß nicht unmittelbar von der Natur angezeiget wird. Der
461 1031 2591 1120 Viertheilston, der daſſelbe ausmacht, und der fuͤr ſich ſelbſt von dem
457 1121 2591 1209 Gehoͤre nicht beſtimmet werden kann, bringet keine, und kann keine
455 1209 2591 1297 Wirkung hervorbringen, als in ſo weit man den Grundbaß dabey
455 1294 2594 1380 denket, und die Fortſchreitung dieſes Grundbaſſes iſt gar nicht natuͤr⸗
459 1384 2592 1473 lich, weil er von zween Toͤnen formiret wird, die in der Terzenfort⸗
457 1468 2581 1548 ſchreitung gar weit von einander entfernet ſind (§. 144.
690 1732 2420 1868 Zwey und zwanzigſtes Capitel.
454 1874 2592 2006 Daß die Melodie aus der Harmonie entſpringt.
1409 2060 1632 2139 §. 153.
455 2163 640 2388 A
655 2166 2590 2251 lles bisher geſagte iſt, meines Erachtens, mehr als hinlaͤnglich,
675 2253 2592 2341 uns zu uͤberzeugen, daß die Melodie ihren Grund in der Har⸗
676 2342 2590 2429 monie hat, und daß man in der entweder wirklich vorhandenen,
456 2428 2589 2516 oder doch dabey zu vermuthenden Harmonie, die Wirkungen der Me⸗
457 2514 2117 2598 lodie ſuchen muß.
1414 2603 1645 2686 §. 154.
633 2710 2589 2800 Wollte man noch daran zweifeln, ſo brauchte man nur die erſte
456 2799 2587 2894 Erfahrung (§. 20) in Erwaͤgung zu ziehen, als vermittelſt welcher
455 2889 2589 2976 man ſiehet, daß der Hauptton allezeit der tiefſte iſt, und daß die von
459 2975 2587 3070 ihm entſpringenden hoͤhern Toͤne ſich gegen ihn, wie die Oberſtimmen
458 3063 2573 3150 eines muſikaliſchen Stuͤcks gegen ihren Baß, verhalten.
2384 3197 2592 3283 §. i55.
