2973 3679
414 171 555 280 98
754 158 2327 267 IBuch. X Cap. Von einigen Freyheiten
1377 326 1653 415 §. 220.
433 422 2636 981 Wenn man endlich in der kleinen Tonart, z. E. in a moll, dem
433 422 2636 981 Accorde der toniſchen Dominante e, gis, h, d, die Unterterz c hin⸗
433 422 2636 981 zufuͤget: ſo bekoͤmmt man c, e, gis, h, d; ein Accord, der aus der
433 422 2636 981 Terz, uͤbermaͤßigen Quinte, Septime und None beſtehet, und ein
433 422 2636 981 Accord der uͤbermaͤßigen Quinte genennet wird. Man beziffert
433 422 2636 981 ihn mit 9, 54t und 3 sss).2
683 1006 2366 1256 Vierter Artikel.
683 1006 2366 1256 Von dem Accorde der verminderten Septime.
1370 1276 1679 1385 §. 221.
433 1385 561 1572 3
440 1390 2640 1759 n der kleinen Tonart, z. E. in a moll, iſt e die toniſche Domi⸗
440 1390 2640 1759 nante von a, (§. 109.) und hat den Accord e, gis, h, d,
440 1390 2640 1759 worinnen gis die tonbezeichnende Note iſt. Anſtatt dieſes Accords
440 1390 2640 1759 bedienet man ſich oft des Accords gis, h, d, f, der aus lauter kleinen
2381 1759 2615 1850 Terzen
432 1827 1505 2527 den koͤnnen. Zum Exempel, wenn in
432 1827 1505 2527 einem Generalbaſſe vor der toniſchen Note
432 1827 1505 2527 c die tonbezeichnende h vorhergeht, und
432 1827 1505 2527 man auf c einen Nonenaccord machen
432 1827 1505 2527 will: ſo muß die Septime h wegblelben,
432 1827 1505 2527 weil, wenn man ſolche beybehielte, die
432 1827 1505 2527 Wirkung der Note h, die zur toniſchen
432 1827 1505 2527 Note hinaufſteigen muß, verhindert wer⸗
432 1827 1505 2527 den wuͤrde.
432 2540 1511 3285 gg) Die Unterſchiebung bringet ei⸗
432 2540 1511 3285 ne Figur hervor, die man Suſpenſion
432 2540 1511 3285 oder Retardation, auf deutſch eine
432 2540 1511 3285 Verʒoͤgerung oder Auf haltung nen⸗
432 2540 1511 3285 net. Es beſtehet ſelbige darinnen, daß
432 2540 1511 3285 man ſo viele Noten als moͤglich, von dem
432 2540 1511 3285 vorhergehenden Accorde behaͤlt, um ſol⸗
432 2540 1511 3285 che in dem folgenden hoͤren zu laſſen. Z.
432 2540 1511 3285 7
432 2540 1511 3285 E. wenn ich den Grundbaß c g c habe,
1530 1827 2623 3273 und den Generalbaß c c c daraus ziehe:
1530 1827 2623 3273 ſo iſt ſolches eine Unterſchiebung.
1530 1827 2623 3273 73
1530 1827 2623 3273 Wenn ich aber den Grundbaß c g g c
1530 1827 2623 3273 habe, und darauf den Generalbaß baue
1530 1827 2623 3273 ,
1530 1827 2623 3273 cgcc: ſo iſt ſolches eine Verzoͤge⸗
1530 1827 2623 3273 rung, weil der vollkommene Accord vou
1530 1827 2623 3273 c, den man natuͤrlicher Weiſe nach dem
1530 1827 2623 3273 7
1530 1827 2623 3273 g im Generalbaſſe erwartet, durch den un⸗
1530 1827 2623 3273 z
1530 1827 2623 3273 4
1530 1827 2623 3273 tergeſchobenen Accord c aufgehalten und
1530 1827 2623 3273 verzoͤgert wird, und dieſer letzte wird
1530 1827 2623 3273 durch Beybehaltung der Toͤne g h d f
1530 1827 2623 3273 aus dem vorhergehenden Accorde g, uͤber
1530 1827 2623 3273 c formiret.
407 1796 2655 3311 den koͤnnen. Zum Exempel, wenn in g
407 1796 2655 3311 einem Generalbaſſe vor der toniſchen Note und den Generalbaß c c c daraus ziehe
407 1796 2655 3311 c die tonbezeichnende h vorhergeht, und ſo iſt ſolches eine Unterſchiebung.
407 1796 2655 3311 man auf c einen Nonenaccord machen 7 73
407 1796 2655 3311 will: ſo muß die Septime h wegblelben, Wenn ich aber den Grundbaß c g g c
407 1796 2655 3311 weil, wenn man ſolche beybehielte, die habe, und darauf den Generalbaß baue
407 1796 2655 3311 Wirkung der Note h, die zur toniſchen,
407 1796 2655 3311 Note hinaufſteigen muß, verhindert wer⸗ c g c c: ſo iſt ſolches eine Verzoͤge⸗
407 1796 2655 3311 den wurde. rung, weil der vollkommene Accord von
407 1796 2655 3311 ggg) Die Unterſchiebung bringet ei⸗ c, den man natuͤrlicher Weiſe nach dem
407 1796 2655 3311 igur hervor, die man Suſpenſion
407 1796 2655 3311 .Ladaiion, .kla. sunueoe a arn, da den—
407 1796 2655 3311 Verzoͤgerung oder Auf haltung nen⸗
407 1796 2655 3311 net. Es beſtehet ſelbige darinnen, daß tergeſchobenen Accord c aufgehalten und
407 1796 2655 3311 man ſo viele Noten als moͤglich, von dem verzoͤgert wird, und dieſer letzte wird
407 1796 2655 3311 vorhergehenden Accorde behaͤlt, um ſol⸗ durch Beybehaltung der Toͤne g h d f
407 1796 2655 3311 che in dem folgenden hoͤren zu laſſen. e aus dem vorhergehenden Accorde g, uͤber
407 1796 2655 3311 E. wenn ich den Grundbaß c g c habe, c formiret.
