2973 3615
912 199 2529 309 . Anmerkungen des Ueberſetzers. 29
586 356 2527 437 (a) Der Bruch iſt um das Comma groͤßer, als der große
425 438 2522 592 ie on, und um das Comma großer, als der kleine ganze Ton, wie man
450 529 597 586 iehet:
591 1098 2382 1184 0) Der große halbe Ton iſt 3, und der kleine . Folglich
729 1205 2294 1380 *
757 1311 1770 1380 15 24 36o 9
1063 1288 1770 1381 l oo3
570 1415 2024 1497 (1) Zween kleine halbe Toͤne geben die Ration
428 1417 2527 1572 Aitae:etarin m ·
575 1606 2528 1691 (32) Daß aus ſo viel als . iſt, erfaͤhret man durch ſolgende Be⸗
423 1688 1366 1829 rechnung: 1
445 1776 2129 1829 11[
900 1984 1756 2057 Das heißt: 1 mal 1 iſt 1, und
1226 2058 1887 2145 4 mal 8 iſt 32, alſo .
579 2175 2521 2254 (33) Zum §. i56. Wenn geſaget wird, daß der Accord gis h d f in
425 2255 2522 2328 allen verſchiedenen Geſtalten aus drey kleinen Terzen beſtehet, da gleichwohl in
418 2332 2525 2410 der Berſetzung h d f gis zwiſchen f und gis keine kleine Terz, ſondern eine
429 2408 2523 2485 uͤbermaͤßige Secunde zum Vorſchein koͤmmt: ſo kann man ſolches am beſten
426 2484 2521 2563 enharmoniſch erklaͤren. Auf dieſe Art ſind in gis h d f; in h d f as; in
430 2563 2263 2641 d fas ces, und in eis gis h d lauter kleine Terzen vorhanden.
583 2684 2521 2762 (34) Um ſich hlervon einen deutlichen Begriff zu machen, wollen wir
428 2762 2522 2837 den Geſang e d ſetzen, und darzu einige Baͤſſe entwerfen. Wer ſich die Muͤhe
430 2838 2521 2916 geben will, mehrere darzu zu ſuchen, wird annoch ein weitlaͤuftiges Feld vor ſich
429 2916 2517 2988 finden. Wir werden die Grund⸗ und Generalbaͤſſe ohne Unterſcheid, nachdem
431 2992 2519 3067 ſie uns einfallen werden, unter einander ſetzen. Daß wir nicht alle moͤgliche
426 3068 2437 3148 Verſetzungen von jeder beſondern Harmonie nehmen, giebet der Augenſchein.
502 3189 2521 3267 Einleit. in die muſic. Setzk. R ()
