2973 3579
780 178 2129 291 zu einem gegebenen Geſange zu ſinden.
473 303 2510 884 ſehr unbeſtimmt iſt, beſonders in der Mitte eines Stuͤcks, und in
473 303 2510 884 einem oder zween Tacten.
473 303 2510 884 2) weil es, ohne auf den Ton Acht zu haben, oͤfters genug iſt, um
473 303 2510 884 nicht zu fehlen, daß man nur die oben (Cap. Vl.) gegebenen Re⸗
473 303 2510 884 geln in Anſehung der Fortſchreitung des Grundbaſſes in Acht
473 303 2510 884 immt.
1317 878 1585 984 §. 24.
361 991 2523 1690 Unterdeſſen iſt es beſonders noͤthig zu wiſſen, in was fuͤr einer
361 991 2523 1690 Tonart man bey dem Anfange eines Stuͤcks iſt, weil der Grundbaß
361 991 2523 1690 in eben dieſer Tonart anfangen, und Diskant und Baß in eben der⸗
361 991 2523 1690 ſelben endigen muß, und zwar in dem Grundtone dieſer Tonakt, der
361 991 2523 1690 z. E. in der Tonart a ein a iſtm und ſo weiter.
361 991 2523 1690 Ueberdieſes muß an denjenigen Oertern des Geſanges, wo eine Ca⸗
361 991 2523 1690 denz iſt, der Ton und die Tonart des Grundbaſſes mit dem Tone und
361 991 2523 1690 der Tonart des Geſanges uͤbereinſtimmen.
1304 1709 1604 1803 §. 242.
380 1797 2536 2340 Um zu wiſſen, in was fuͤr einem Tone ein Stuͤck anfaͤngt, brauchet
380 1797 2536 2340 man nur den Unterſcheid zwiſchen c dur und a moll zu kennen, weil
380 1797 2536 2340 wir im vorhergehenden Capitel geſehen, wie alle uͤbrige Tonarten
380 1797 2536 2340 nichts anders, als transponirte Tonarten von dieſen beyden ſind.
380 1797 2536 2340 Man merke ſich auch folgende Mittel, dieſe beyden Toͤne und Tonar⸗
380 1797 2536 2340 ten zu unterſcheiden.
473 2340 2529 3165 1) Man gebe Acht auf die vornehmſten und characteriſtiſchen Toͤne
473 2340 2529 3165 einer Tonart, welche c, e, g in der einen, und a, c, t in der an⸗
473 2340 2529 3165 dern ſind. Wenn ein Stuck alſo anfangt, z. E. a, c, e, a: ſo
473 2340 2529 3165 kann ich den Schluß machen, daß es in a moll iſt, ob die Toͤne
473 2340 2529 3165 a, c, e ſonſt auch gleich in der Tonart c vorkommen.
473 2340 2529 3165 2) Man gebe auf die tonbezeichnende Note Acht, welche h in der
473 2340 2529 3165 einen Tonart, und gis in der andern iſt. Wenn ich alſo zum
473 2340 2529 3165 Anfange des Stuͤcks ein gis ſehe: ſo kann ich verſichert ſeyn,
473 2340 2529 3165 daß ich in dem Tone a bin.
2229 3133 2504 3265 ) Man
