2973 3669
471 211 560 284 94
822 181 2276 274 I1Buch. IX Cap. Von einigen Freyheiten
715 455 2413 542 Neuntes Capitel.
572 581 2528 721 Von einigen Freyheiten des Grundbaſſes.
1150 760 1956 863 Erſter Artikel.
699 876 2406 964 Von einigen beſondern Gaͤngen des Grundbaſſes.
1414 1001 1672 1080 §. 213.
480 1092 674 1325 A
680 1093 2624 1182 uf eine Dominante kann oͤfters eine andre Dominante in dia⸗
699 1184 2624 1268 toniſcher Fortſchreitung abſteigend folgen. Z. E. die Domi⸗
698 1272 2626 1360 nante a mit dem Accorde a, C, e, g, kann unterweilen auf den
480 1357 2629 1447 Septimenaccord der Dominante g diatoniſch herabſteigen. Dieſes
481 1448 2628 1534 koͤmmt daher, weil der Accord a, c, e, g, dergeſtalt betrachtet werden
481 1537 2629 1623 kann, als wenn er den umgekehrten Accord der Unterdominante c, e
481 1617 2635 1718 g, a vorſtellete (§. 104). Es kann der Accord g, h, d, f aber auf
479 1713 2471 1799 den Accord der Unterdominante c, e, g, a folgen (. 195). 8).
1064 1842 1898 1947 Zweyter Artikel.
952 1966 2167 2059 Von der unterbrochenen Cadenz.
1420 2083 1687 2165 §. 214.
484 2185 628 2336 D
631 2175 2634 2263 ie eine Art von unterbrochener Cadenz wird vermittelſt der Do⸗
530 2266 2633 2372 minante bewerkſtelliget, die diatoniſch auf eine toniſche Note
485 2357 1502 2446 hinaufſteiget (§. 132, 134 z. E.
2511 2626 2636 2694 Die
647 2750 2634 2829 der mit beziffert werden muß, aaa) Wenn die Dominante a, wor⸗
648 2834 2638 2908 zum Exempel: auf die Dominante g folget, eine toni⸗
937 2908 2634 3016 ſche Dominante waͤre, und den Accord
978 2976 2636 3075 a cis e g uber ſich hatte ſo wurde die
689 3014 2635 3194 E i . «
658 3147 2603 3226 . dienet ſich ſolcher auch deswegen ſelten.
1729 3222 2637 3283 Man
647 2756 1530 2828 der mit beziffert werden muß,
648 2836 1048 2905 zum Exempel:
1675 2754 2634 2829 aaa) Wenn die Dominante a, wor⸗
1597 2834 2638 2908 auf die Dominante g folget, eine toni⸗
1596 2908 2634 2980 ſche Dominante waͤre, und den Accord
1580 2987 2636 3071 a cis e g uͤber ſich haͤtte: ſo wuͤrde die⸗
1599 3069 2635 3143 ſe Freyheit noch groͤſſer ſeyn. Man ber
1599 3147 2603 3206 dienet ſich ſolcher auch deswegen ſelten.
2513 3227 2637 3283 Man
