2973 3646
1191 641 1785 820 Jnhalt.
423 910 2562 1005 Vorbereitung, worinnen verſchiedene Kunſtwoͤrter erklaͤret werden. Seite 1
421 1013 2560 1091 1. Capitel, was man durch Melodie, Accord, Harmonie, Jntervall verſtehet. 1
423 1101 2564 1191 2. Capitel, Namen, womit man die verſchiedenen Jntervalle der Tonleiter be⸗
668 1183 2563 1246 merket.4
495 1265 2561 1339 3. Capitel, von Jntervallen, die groͤßer als die Oetave ſind. 5
493 1353 2563 1428 4. Capitel, von dem Kreuze und dem B.i7
416 1439 2565 1518 5. Capitel, was eine Conſonanz und Diſſonanz iſt. 8
412 1522 2560 1610 I Buch, welches die Theorie der Harmonie enthaͤlt.9
494 1623 2552 1699 1. Capitel, vorlaͤufige und Grunderfahrungen. 9
493 1703 2560 1791 2. Capitel, Urſprung der beyden Tonarten: Von dem natuͤrlichen Geſange und
665 1788 2564 1857 der vollkommenſten Harmonie. 14
493 1876 2559 1957 3. Capitel, von dem Quintenweiſe fortgehenden Grundbaſſe. 17
493 1960 2559 2053 4. Capitel, von der Tonart uͤberhaupt. 19
493 2048 2557 2134 5. Capitel, von der diatoniſchen Tonleiter der Griechen. 21
493 2140 2558 2220 6. Capitel, von der diatoniſchen Tonleiter der heutigen Zeit. 26
484 2224 2556 2309 7. Capitel, von der Temperatur.29
466 2317 2553 2393 8. Capitel, von den Ruhepuncten und Cadenzen. 37
489 2391 2550 2489 9. Capitel, von der kleinen oder weichen Tonart.39
412 2489 2552 2571 10. Capitel, von der diatoniſchen Tonleiter der kleinen Tonart. 43
486 2582 2548 2659 n. Capitel, von der Diſſonanz. 46
490 2669 2540 2750 12. Capitel, von dem Doppelgebrauche der Diſſonanz. 48
484 2760 2542 2840 13. Capitel, Regeln vom Doppelgebrauche der Diſſonanz. 50
488 2848 2537 2929 14. Capitel, verſchiedene Arten des Septimenaccords. 3
481 2935 2532 3019 15. Capitel, von der Vorbereitung der Diſſonanzen. 5
482 3025 2533 3109 16. Capitel, Regeln, die Diſſonanzen aufzuloͤſen. 57
427 3120 2534 3199 7. Capitel, von unterbrochenen Cadenzen. 60
1585 3216 2532 3284 2 i8. Ca⸗
