2973 3639
694 163 2175 261 diatoniſchen Tonleiter der kleinen Tonart.
2413 176 2515 249 45
379 310 2508 409 iſt das natuͤrliche f. Dieſes koͤmmt daher, weil in der einem Leiter zu
376 394 2514 486 dem d aus dem Grundbaße · eine kleine Terz, und folglich f; in der
379 485 2511 589 andern aber zu dem h aus dem Grundbaße eine Quinte, und folglich
379 575 2125 675 fis gehoͤret.
1307 673 1554 750 §. 89.
556 757 2512 854 Die beyden Leitern der weichen Tonart ſind annoch in dieſer
379 850 2516 942 Abſicht mehr von einander unterſchieden, als die beyden Leitern der
381 935 2516 1034 großen Tonart, weil man die Differenz eines halben Tons zwiſchen
379 1020 2512 1120 den beyden Leitern dieſer leztern nicht bemerket. Wir haben kemen
382 1113 2513 1201 andern Unterſchied darinnen wahrgenommen, als daß das a in An⸗
381 1197 2516 1295 ſehung ſeines numeriſchen Werths etwas differirt; aber dieſe Diffe⸗
381 1296 1690 1382 renz betrift bey weitem keinen halben Ton.
1339 1420 1589 1505 §. 90.
516 1515 2517 1602 Hieraus ſiehet man, warum in der kſeinen Tonart im Hinauf⸗
386 1598 2522 1694 ſteigen fis und gis genommen wird. Es iſt auch das f in der erſten
383 1701 2279 1786 Leiter:
957 1768 1554 1871 gis, a, h,cc d, e, f
383 1869 2531 1964 nur deswegen natuͤrlich, weil man von dem f nicht zum gis hinauf
384 1965 1976 2055 ſteigen kann (. 48.
1336 2052 1570 2135 §. 9i.
566 2145 2527 2240 Es hat es im Herunterſteigen nicht eben die Bewandniß da⸗
388 2233 2528 2318 mit; denn die Quinte e des Stammtons ſoll nur alsdenn die große
388 2322 2537 2412 Terz gis bey ſich haben, wenn dieſes e auf den Stammton herunter
378 2407 2531 2497 ſteiget, um eine vollkommene Cadenz zu machen (§. 77), und in die⸗
390 2495 2530 2585 ſem Falle ſteiget man vermittelſt des gis zu dem a hinauf. Aber
388 2582 2531 2670 der Grundbaß a, e kann im Herunterſteigen, die Leiter a, g machen,
390 2669 2533 2766 wenn man von dieſem g nicht zu a wieder hinaufſteiget. Auf gleiche
393 2757 2493 2848 Art giebet der Baß d, a die Toͤne f, e im Herunterſteigen.
1349 2895 1597 2979 §. 92.
568 2990 2533 3077 Man ſiehet hieraus, warum in der weichen Tonart im Herun⸗
395 3076 2487 3161 terſteigen nicht gis und fis, ſondern g und f natuͤrlich ſind.
1548 3187 2531 3273 F3 §93
