2973 3596
672 167 2317 280 in einem Tone feyn, oder aus einem Tone gehen.
2415 212 2540 274 105
420 332 2538 420 in der kleinen Tonart von a oder in a moll ſeyn will: ſo brauche ich
419 425 2539 513 nur das cis in c zu verwandeln, damit die kleine Terz a, c, zum
418 510 2540 592 Vorſchein komme, wodurch ich alsdenn folgende Leiter von a moll
419 597 1776 689 im Hinaufſteigen erhalten werde (§. 87).
612 703 2382 795 a, h, c, d, e, ſis, gis, a.
419 815 2285 911 Jm Herabſteigen wird die Leiter von a moll ſeyn (§. 93):
1018 925 2147 1022 a, g, f, e, d, c, h, a.
420 1037 2539 1130 Man findet hierinnen das natuͤrliche, und nicht in fis und gis ver⸗
418 1125 2539 1213 ſetzte f und g. Es iſt dieſe beſondere Eigenſchaft naͤmlich der kleinen
410 1217 2540 1306 Tonart eigen, daß ihre Leiter anders im Hinauf⸗ und anders im Her⸗
420 1300 1411 1387 abſteigen beſchaffen iſt (§. 91.).
1346 1432 1623 1513 §. 233.
590 1535 2535 1624 Da ſiehet man itzo die Urſache, warum a dur in der Vorzeich⸗
421 1617 2534 1710 nung der Leiter drey Kreuze gebrauchet, als fis, cis und gis; und
421 1704 2532 1796 warum man gegentheils in a moll, keine Kreuze am Schluͤſſel ge⸗
422 1793 2532 1889 brauchet, weil dieſer Ton im Herunterſteigen weder Kreuze noch
421 1886 2361 1960 Been hat.
1370 1973 1594 2048 §. 234.
597 2050 2534 2140 Da die Muſikleiter aus zwoͤlf in der Entfernung eines halben
423 2139 2534 2233 Tons von einander unterſchiedenen Toͤnen beſtehet: ſo iſt leicht zu
422 2226 2535 2319 ſehen, daß jeder dieſer Toͤne einer großen und weichen Tonart faͤhig
423 2310 2533 2402 iſt, welches alſo uͤberhaupt vier und zwanzig Toͤne oder Tonar⸗
425 2401 2534 2499 ten machet. Wir wollen eine zur Erkaͤnntniß der Tonarten dienliche
424 2487 1457 2571 Tabelle dieſer 24 Toͤne entwerfen.
973 2599 1996 2722 Tabelle der zwoͤlf Durtoͤne.
505 3180 2525 3277 Einleit. in die muſic. Setzt. O 6) H.
