2973 3629
1076 196 1921 292 Accorde erklaͤret werden.
2469 226 2540 309 8i
417 355 2541 457 f, a,e, d iſt d eine Diſſonanz. Aber dieſes d iſt nur wegen des c;
419 449 2538 544 gegen welches es eine Secunde formiret, eine Diſſonanz; nicht aber
417 540 2453 624 wegen der andern Noten. (§. 120. 18 und 128.)
1357 702 1631 786 §. 187.
594 823 2540 921 Wenn ein Septimenaccord aus einer großen Terz, und zwoen
418 916 2539 1002 darauf folgenden kleinen Terzen beſtehet: ſo heißt die Grundnote dieſes
419 1000 2542 1089 Accords eine toniſche Dominante. Jn jedem andern Septimen⸗
417 1091 2542 1178 accorde wird die Grundnote eine ſchlechte oder ſimple Dominante
417 1173 2543 1271 (§. 1o2) genennet. Alſo iſt in dem Accorde g, h, d, f, der aus der
417 1264 2547 1360 großen Terz. g, h, und den beyden kleinen Terzen h, d und d, f
418 1355 2541 1446 beſtehet, die Grundnote g die toniſche Dominante. Aber in den
417 1443 2539 1533 andern Septimenaccorden, z. E. in c, e, g, h und d, f, a, cꝛc.
421 1530 2541 1618 heißen die Grundnotenc und d nur ſchlechtweg Dominanten, oder
423 1608 2343 1701 ſimple Dominanten. (38)
1376 1784 1626 1867 §. 188.
567 1900 2538 2000 Jn jedem Accorde, vollkommenen, Septimen⸗ und Sextenaccorde,
419 1992 2538 2089 wird die große Terz uͤber einer Grundnote durch ein kt oder ; die
421 2079 2095 2175 kleine Terz hingegen durch ein b oder angezeiget. M)
2342 2585 2542 2677 Fuͤnf⸗
501 2718 2540 2801 mun) Wenn die Sexte oder Septime nehmen. Zum Exempel, wenn fis in
426 2793 2542 2869 in dem Laufe eines Stuͤcks von einer an⸗ der Vorzeichnung ſtehet, und in der Mit.
423 2875 2537 2953 dern Proportion verlanget wird, als ſol⸗ te der Accord g, h, d, f verlanget wird:
427 2948 2541 3037 che die Vorzeichnung giebet: ſo muß man ſo muß man neben die 7 ein k ſetzen, vor⸗
426 3027 2539 3109 alsdenn die drey Verſetzungszeichen, naͤm⸗ oder hinterwaͤrts, es iſt einerley, um
425 3100 2134 3187 lich das , b oder i ebenfalls zu Huͤlfe dieſen Accord anzuzeigen.
504 3205 1877 3286 Einleit. in die muſic. Setzk. E
501 2718 1440 2786 min) Wenn die Sexte oder Septime
426 2793 1441 2857 in dem Laufe eines Stuͤcks von einer an⸗
423 2875 1440 2944 dern Proportion verlanget wird, als ſol⸗
427 2948 1441 3017 che die Vorzeichnung giebet: ſo muß man
426 3027 1441 3098 alsdenn die drey Verſetzungszeichen, naͤm⸗
425 3100 1443 3175 lich das *, b oder i ebenfalls zu Huͤlfe
1518 2722 2540 2801 nehmen. Zum Exempel, wenn fis in
1515 2803 2542 2869 der Vorzeichnung ſtehet, und in der Mit⸗
1516 2879 2537 2953 te der Accord g, h, d, f verlanget wird:
1516 2955 2541 3037 ſo muß man neben die 7 ein k ſetzen, vor⸗
1517 3030 2539 3109 oder hinterwaͤrts, es iſt einerley, um
1517 3111 2134 3181 dieſen Accord anzuzeigen.
