2973 3612
803 153 2068 247 diatoniſchen Tonleiter der Griechen.
2419 168 2508 257 25
363 301 2523 746 ten keine reine kleine Terz machet. Man wird auf gleiche Art be⸗
363 301 2523 746 merken, daß die Quinte d: a nicht vollkommen rein iſt, welches
363 301 2523 746 daraus klar iſt, weil zwar die große Terz f: a rein, die kleine Terz
363 301 2523 746 d: f aber nicht rein iſt; zur Bildung einer reinen Quinte aber zwo
363 301 2523 746 gleich reine Terzen, eine große und eine kleine, erfordert werden.
1302 771 1579 879 §. 53
363 899 2542 1334 Hieraus folget, daß es zwar mit den Jntervallen eines jeden
363 899 2542 1334 Tetrachords fuͤr ſich in Anſehung der Reinigkeit ſeine vollkommene
363 899 2542 1334 Richtigkeit hat, aber nicht, wenn die Jntervalle des einen Tetrachords
363 899 2542 1334 mit denen aus dem andern verglichen werden. Eine neue Urſache
363 899 2542 1334 die Leiter in dieſe beyde Tetrachorde zu unterſcheiden.
1297 1369 1593 1468 §. 54.
382 1478 2543 2199 Man kann es vermittelſt des Calculs beweiſen, daß in dem Te⸗
382 1478 2543 2199 trachorde h,c, d, e das Jntervall oder der ganze Ton d: e etwas
382 1478 2543 2199 kleiner, als der Tonc: d iſt, P). Ferner iſt in dem zweyten Tetra⸗
382 1478 2543 2199 chorde e, f, g, , welches ſonſt dem erſten bewieſenermaßen vollkommen
382 1478 2543 2199 aͤhnlich iſt, der Ton g: a etwas kleiner, als der Ton f: g. Dieſes
382 1478 2543 2199 iſt die Urſache, warum man den ganzen Ton in den groͤßern und kleis
382 1478 2543 2199 nern ganzen Ton unterſcheidet. Der groͤßere ganze Ton findet ſich
382 1478 2543 2199 beyc: d, und f: g, c. Der kleinere ganze Ton bey d: e und g: arc.
2246 2273 2557 2377 Sechſtes
407 2402 1460 2871 p) Die Ration von c:d iſt ; die
407 2402 1460 2871 Ration von d: e wie Hgegen , das iſt,
407 2402 1460 2871 wie 40 gegen 36, oder 10 gegen 9. Aber
407 2402 1460 2871 iſt weniger von der Einheit entfernt,
407 2402 1460 2871 als . Folglich iſt das Jntervall d: e
407 2402 1460 2871 etwas kleiner, als das Jntervall c: d.
407 2852 1465 3183 Will man die Proportion von gegen
407 2852 1465 3183 wiſſen, ſo findet man, (Anmerk. d)
407 2852 1465 3183 daß ſolche wie 8 mal 10 gegen 9 mal 9 iſt,
407 2852 1465 3183 das iſt, wie 80: 8i. Die Differenz des klei⸗
1480 2417 2552 2792 nern ganzen Tons von dem groͤßern iſt
1480 2417 2552 2792 alſo wie 80 gegen 8i. Dieſe Differenz
1480 2417 2552 2792 heißt bey den Griechen ein Comma (i3)
1480 2417 2552 2792 Sie iſt dem Gehoͤre unempfindbar, aber
1480 2417 2552 2792 doch wirklich (i)
1490 2787 2562 3188 Man kann merken, daß eben dieſe
1490 2787 2562 3188 Differenz ſich zwiſchen der reinen harmo⸗
1490 2787 2562 3188 niſchen kleinen Terz, und zwiſchen der al⸗
1490 2787 2562 3188 terirten kleinen Terz d: f, die bey der
1490 2787 2562 3188 Anmerk. m vorgekommen, ereignet.
372 2382 2587 3212 p) Die Ration von c: d iſt ; die nern ganzen Tons von dem groͤßern iſt
372 2382 2587 3212 Ration von d: e wie Hgegen , das iſt, alſo wie 80 gegen 8i. Dieſe Differenz
372 2382 2587 3212 wie 40 gegen 36, oder 10 gegen 9. Aber heißt bey den Griechen ein Comma (13)
372 2382 2587 3212 iſt weniger von der Einheit entfernt, Sie iſt dem Gehoͤre unempfindbar, aber
372 2382 2587 3212 als . Folglich iſt das Jntervall d:e doch wirklich (14)
372 2382 2587 3212 etwas kleiner, als das Jntervall c: d. Man kann merken, daß eben dieſe
372 2382 2587 3212 Will man die Proportion von gegen Differenz ſich zwiſchen der reinen harmo⸗
372 2382 2587 3212 Z wiſſen, ſo findet man, (Anmerk. d) niſchen kleinen Terz, und zwiſchen der al⸗
372 2382 2587 3212 daß ſolche wie 8 mal 10 gegen 9 mal 9 iſt, terirten kleinen Terz d: f, die bey der
372 2382 2587 3212 das iſt. wie 80: 8i. Die Differenz des klei⸗ Anmerk. m) vorgekommen, ereignet.
372 2382 2587 3212 Einleit. in die muſic. Setzk. D
471 3173 1331 3287 Einleit. in die muſic. Setzk.
1761 3188 1870 3277 D
