2973 3719
495 173 607 284 z8
820 168 2360 284 1Buch. vI Cap. Von den Cadenzen.
500 309 2663 602 Product, welches zu ſeinem Zeuger oder zu dem Stammtone zuruͤck
500 309 2663 602 kehret, und welches ſich in dieſem Stammtone, mit welchem es er⸗
500 309 2663 602 klinget (Capit. I.), wiederfindet.
1428 625 1734 727 §. 74.
470 717 2715 1752 Unter den vollkommenen Cadenzen giebet es einige, die vollkomme⸗
470 717 2715 1752 ner, als die andern ſind. Jn dem Grundbaße
470 717 2715 1752 ic gcfcgdgc,
470 717 2715 1752 vermittelſt weßen wir angezeigtermaßen die heutiges Tages gebraͤuch⸗
470 717 2715 1752 liche Tonleiter erhalten, iſt ein vollkommener Ruhepunct von d zu g,
470 717 2715 1752 ſo wie von g zu c. Es iſt aber dieſer leztere Ruhepunct vollkomme⸗
470 717 2715 1752 ner, als der erſte, weil das von dem c zuvor eingenommene Gehoͤr,
470 717 2715 1752 als welches dieſen Ton ſchon dreymal gehoͤret, und alſo einen verviel⸗
470 717 2715 1752 faͤltigten Eindruck davon hat, zu dem Stammtone c zuruͤck zu keh⸗
470 717 2715 1752 ren verlanget, und dieſes geſchieht vermittelſt der vollkommenen Ca⸗
470 717 2715 1752 denz g: C.
1466 1732 1709 1834 §. 75.
485 1834 2715 2112 Man muß uͤbrigens das, was man insgemein in der Melodie
485 1834 2715 2112 eine Cadenz nennet, nicht mit der hier erklaͤrten Cadenz in der Har⸗
485 1834 2715 2112 monie verwechſeln.
587 2102 2691 2830 Jn dem erſten Falle bedeutet dieſes Wort eine gewiſſe willkuͤhrli⸗
587 2102 2691 2830 che Auszierung, womit man, bey ſtillhaltendem Baße, die vor⸗
587 2102 2691 2830 letzte Note einer harmoniſchen Cadenz zu begleiten pflegt. Hier
587 2102 2691 2830 bedeutet dieſes Wort die Cadenz ſelber. Viele pflegen auch ſo
587 2102 2691 2830 gar einen Triller oͤfters eine Cadenz zu nennen, welches daher
587 2102 2691 2830 koͤmmt, weil der Triller ſehr oft einen vorhandenen oder ſehr na⸗
587 2102 2691 2830 hen Rupunct in dem Grundbaſſe, wo nicht anzeiget, doch wenig⸗
587 2102 2691 2830 ſtens ankuͤndiget.
1451 2811 1728 2908 §. 76.
518 2921 2686 3302 Weil in dem Grundbaſſe von dem einen Tone zum andern ein
518 2921 2686 3302 Ruhepunct iſt: ſo iſt folglich in der daraus gezogenen diatoniſchen
518 2921 2686 3302 Tonleiter, welche dieſen Baß vorſtellet, ein Ruhepunct von einem
518 2921 2686 3302 Tone zum andern; und weil der vollkommene Ruhepunct g: c, der
2559 3297 2691 3370 mit
