2973 3711
476 193 559 280 36
783 181 2311 279 IBuch. VI Cap. Von der Temperatur.
655 334 2644 422 Vermittelſt dieſer Operation werden alle zwoͤlf halbe Toͤne der
481 423 2643 512 Octave geſtimmet ſeyn. Es fehlet nichts mehr daran, als die uͤbri⸗
480 517 2643 607 gen Octaven alle nachzuholen, und das Clavier wird ſehr wohl ge⸗
479 609 1261 695 ſtimmet ſeyn.
654 704 2639 792 Wir haben dieſe Regel der Temperatur nach dem Hrn. Rameau
476 790 2640 886 gegeben, und uͤberlaßen uneingenommenen Kuͤnſtlern, ſelbige zu beur⸗
474 885 2641 974 theilen. Dem ſey wie ihm wolle, und man greife zu dieſer oder je⸗
474 974 2641 1070 ner Temperatur; ſo werden die dadurch verurſachten Alterationen in
475 1066 2636 1156 der Harmonie dem Gehoͤre wenig merklich ſeyn (23), als welches,
475 1156 2638 1245 wegen ſeiner Beſchaͤftigung mit dem Grundbaße, ſolche entweder we⸗
474 1247 2636 1333 nig achtet, oder ſie ohne Verdruß vernimmt, weil es von ſelbſt das⸗
472 1337 2436 1423 jenige erſetzt, was den Jntervallen an ihrer Reinigkeit abgehet.
652 1442 2637 1531 Zwo ſimple und taͤgliche Erfahrungen werden beſtaͤtigen, was
472 1537 2635 1619 ich ſage. Man hoͤre eine Stimme, die in Begleitung verſchiedener
473 1622 2635 1710 Jnſtrumente ſinget. So ſehr die Stimme von den uͤbrigen Jnſtru⸗
470 1716 2636 1816 menten, und dieſe wieder unter ſich in der Temperatur unterſchieden
2517 1804 2635 1890 ſind
470 1940 1519 2023 ne der Octave ungleich machen, ſie da⸗
467 2035 1519 2115 durch jeder Tonart einen beſondern Cha-
466 2113 1519 2190 racter geben, und nach ihnen iſt die Ton⸗
468 2202 593 2255 leiter
503 2269 1320 2347 c, d, e, f, g, a, h, c
469 2392 1353 2463 nicht einerley mit der Tonleiter:
588 2470 1356 2549 e, fis, gis, a, h, cis, dis, e
466 2586 1516 2657 und dieſe Ungleichheit, ſagen ſie, machet
468 2667 1516 2741 den Ton c und den Ton e zu verſchiedenen
472 2745 1516 2815 Ausdruͤcken geſchickt. Aber nach allem
470 2826 1518 2897 dem, was wir in dieſem Werke von
468 2906 1521 2972 der Formation des diatoniſchen Klangge⸗
471 2978 1518 3055 ſchlechts geſagt haben, muß man uͤber⸗
471 3064 1518 3135 zeuget ſeyn, daß, nach der Abſicht der
470 3142 1516 3219 Natur, die diatoniſche Leiter in allen Ton
472 3223 1517 3291 arten gleich ſeyn muß; die gegentheilige
471 3297 1515 3372 Meinung, ſagt Hr. Rameau, iſt ein Vor⸗
1582 1948 2635 2011 urtheil des Tonkuͤnſtlers. Der Cbaracter
1582 2024 2637 2096 eines muſikaliſchen Stuͤcks entſpringet
1580 2105 2639 2176 hauptſaͤchlich aus der Vermiſchung der
1584 2188 2637 2255 Tonarten, aus der mehr oder weniger
1583 2267 2636 2334 lebhaften Bewegung, aus der Hoͤhe oder
1580 2344 2634 2416 Tiefe der Toͤne, aus der Staͤrke und
1579 2424 2636 2492 Schwaͤche der Toͤne, aus der Wendung
1579 2503 2632 2570 der Gedanken, aus der Art der Harmo⸗
1580 2583 2561 2638 nie und Melodie ic.
1661 2661 2632 2727 Der lezte Vortheil unſerer Temperatur
1581 2740 2632 2805 beſtehet endlich darinnen, daß ſie von
1583 2819 2633 2888 derjenigen gar wenig unterſchieden iſt, die
1587 2897 2635 2965 man auf andern Jnſtrumenten, z. E. auf
1584 2974 2630 3046 der Violine 2. ausuͤbet, allwo man die
1581 3057 2632 3129 guten Quinten und Quarten den guten
1583 3137 2628 3203 Terzen und Sexten vorziehet; eine Tem⸗
1583 3215 2631 3286 peratur, die der Schlentrianstemperatur
1584 3289 2434 3363 auf dem Claviere entgegen laͤuft.
