2973 3613
1113 161 1826 275 des Generalbaſſes.
2425 161 2551 294 91
357 319 2564 773 Der Accord f, g, h, d, der aus der Secunde, Quarte und
357 319 2564 773 Sexte beſtehet, heißt ein Secundenaccord, und wird mit einer 2
357 319 2564 773 beziffert. Jn gegenwaͤrtigem Falle, da die Quarte darinnen uͤber⸗
357 319 2564 773 maͤßig iſt, heißt er ſonſt ein uͤbermaͤßiger Quarten⸗ oder Tritons⸗
357 319 2564 773 accord, und wird mit 44 bezeichnet.
1296 798 1631 899 §. 207.
552 893 2495 994 Jn dem Accorde der ſimplen Dominante d, f, a, c, findet man
464 1007 2533 1423 1) f, a ,c, d, welcher aus einer Terz, Quinte und Sexte beſtehet,
464 1007 2533 1423 und ein Sextquintenaccord iſt [fn_tt)].
464 1007 2533 1423 2) a, c, d, f, ein Terzquartenaccord [fn_uu)].
464 1007 2533 1423 3) c, d, f, a, ein Secundenaccord.
582 1439 2394 1569 Umkehrung des Accords der Unterdominante.
1309 1587 1618 1682 §. 208.
393 1682 2571 2069 Der Accord der Unterdominante f a, c, d, kann auf dreyerley
393 1682 2571 2069 Art umgekehret werden. Aber die gebraͤuchlichſte Umkehrung davon
393 1682 2571 2069 iſt der Terzquartenaccord a, c, d, f, und der Septimenaccord d, f,
393 1682 2571 2069 a, c ).
969 2029 2004 2161 Regeln des Generalbaſſes.
1347 2174 1600 2268 §. 209.
416 2259 2552 2459 Der Generalbaß dienet vermittelſt der abwechſelnden Grund⸗
416 2259 2552 2459 und umgekehrten Accorde dazu, eine ſangbare Unterſtimme zu machen,
1634 2445 2552 2530 M 2 und
1517 2551 2558 3195 xx) Der Septimenaccord h d fa,
1517 2551 2558 3195 giebet in einer ſeiner Umkehrungen den
1517 2551 2558 3195 Accord f a h d, worinnen ſich eine uͤber⸗
1517 2551 2558 3195 maͤßige Quarte befindet. Wenn die
1517 2551 2558 3195 Vorzeichnung des Notenplans nicht dieſe
1517 2551 2558 3195 uͤbermaͤßige Quarte enthaͤlt: ſo iſt noͤthig,
1517 2551 2558 3195 ſolches durch ein gehoͤriges Verſetzungs⸗
1517 2551 2558 3195 zeichen neben der 4 anzuzeigen.
426 3050 1498 3264 uu) Man pfleget den Terzquartenac⸗
426 3050 1498 3264 eord auch mit allen drey Ziffern zugleich,
426 3050 1498 3264 als 6, 4 und 3 anzuzeigen.
426 2577 1479 3031 tt) Zwiſchen dem Sextquintenaccorde
426 2577 1479 3031 in dem Grundbaſſe und dem aus dem Ge⸗
426 2577 1479 3031 neralbaſſe iſt der Unterſcheid, daß er dort
426 2577 1479 3031 allezeit die große Serte bey ſich hat, hier
426 2577 1479 3031 aber bald die große, bald die kleine Sexte
426 2577 1479 3031 baben kann.
420 2565 2578 3302 tt) Zwiſchen dem Sextquintenaccorde xx) Der Septimenaccord h d fa,
420 2565 2578 3302 in dem Grundbaſſe und dem aus dem Ge⸗ giebet in einer ſeiner Umkehrungen den
420 2565 2578 3302 neralbaſſe iſt der Unterſcheid, daß er dort Accord f a h d, worinnen ſich eine uͤber⸗
420 2565 2578 3302 allezeit die große Serte bey ſich hat, hier maͤßige Quarte befindet. Wenn die
420 2565 2578 3302 aber bald die große, bald die kleine Sexte Vorzeichnung des Notenplans nicht dieſe
420 2565 2578 3302 haben kann. uͤbermaͤßige Quarte enthaͤlt: ſo iſt noͤthig,
420 2565 2578 3302 uu) Man pfleget den Terzquartenac⸗ ſolches durch ein gehoͤriges Verſetzungs⸗
420 2565 2578 3302 cord auch mit allen drey Ziffern zugleich, zeichen neben der 4 anzuzeigen.
420 2565 2578 3302 als 6, 4 und 3 anzuzeigen.
