2973 3702
439 219 570 286 108
615 198 2517 300 IIBuch. XlI Cap. Was es heißt: in einem Tone ſeyn rc.
1396 361 1648 437 §. 235.
635 424 2601 534 Das ſind alſo alle, ſowohl Dur · als Molltonarten, worunter
457 536 2604 628 diejenigen, die die vielen Kreuze und Been mit ſich fuͤhren, wegen
458 622 2257 702 ihrer ſchweren Ausfuͤhrung, nicht viel gebrauchet werden.
1396 725 1671 805 §. 236.
608 811 1218 882 Es folaet hieraus:
490 897 2603 987 1) daß, wenn weder ein Kreuz noch Be am Schluͤſſel ſtehet, ſol⸗
633 987 2600 1076 ches ein Merkmal iſt, daß das Stuͤck entweder aus c dur oder
634 1075 2270 1161 aus a moll gehet.
542 1166 2603 1255 2) daß, wenn nur ein Kreuz in der Vorzeichnung ſtehet, ſolches
634 1253 2603 1341 allezeit vor f, und alſo fis ſeyn muß, und daß das Stuͤck ent⸗
632 1341 2604 1430 weder aus g dur oder aus e moll gehet. Wenn man alſo
632 1428 2603 1517 das ſis ein h nennet, und ſich hiernach einen andern gehoͤrigen
631 1519 2605 1602 Schluͤſſel vorſtellet: ſo kann man das Stuͤck ohne Kreuz ſingen.
624 1604 2603 1695 Z. E. wenn ein aus dem g dur geſetztes Stuͤck auf den G Schluͤſ⸗
628 1693 2604 1780 ſel auf der erſten Linie geſchrieben waͤre: ſo wuͤrde die vierte Li.
629 1782 2605 1870 nie fis heißen. Wenn man nun dieſes fis in h verwandelt,
628 1872 2607 1955 und ſich zu dem Ende den C Schluͤſſel auf der erſten Linie ein⸗
631 1960 2605 2042 bildet: ſo kann man dieſes Stuͤck ohne Kreuz ſingen, wie man
627 2047 2604 2130 leicht die Erfahrung damit machen kann. Man nennet dieſes
624 2130 2250 2207 Verfahren transponiren oder die Transpoſition.
1399 2237 1647 2311 §. 237.
628 2318 2602 2408 Es iſt leicht abzunehmen, daß, ſobald fis in h verwandelt wird,
453 2413 2603 2502 aus dem g ein c, und aus dem e ein a werden muß, u. ſ. w. Vermit⸗
453 2497 2599 2587 telſt dieſer Transpoſition wird alſo das aus dem g dur geſetzte Stuͤck
454 2585 2601 2672 eben ſo geſungen, als wenn es aus c dur gienge; und eben die Be⸗
454 2674 2597 2761 wandtniß hat es mit einem in a moll geſetzten Stuͤcke, welches man in
456 2762 2598 2854 e moll verſetzet. Die Toͤne g dur und e moll verwandeln ſich alſo
454 2852 2597 2939 vermittelſt der Transpoſition in c dur und in a moll, und eben dieſe
454 2941 2451 3021 Bewandtniß hat es mit allen uͤbrigen Dur⸗ und Molltoͤnen m).
2369 3021 2591 3120 Drey⸗
2419 3293 2595 3352 d in c
531 3131 1491 3208 nnn) Zwey Kreuze, fis und cis,
454 3212 1491 3293 bezeichnn entweder d dur, oder h moll.
1568 3135 2599 3206 Die Note cis wird alsdenn, vermittelſt
1566 3212 2598 3280 der Transpoſition, in h, und folglich
531 3129 2599 3208 nnn) Zwey Kreuze, fis und cis, Die Note cis wird alsdenn, vermittelſt
454 3212 2598 3289 bezeichnn entweder d dur, oder h moll. der Transpoſition, in h, und folglich
532 3287 2595 3352 d in c
