2973 3646
327 462 2517 850 Siebentes Capitel.
327 462 2517 850 Regeln, die man in der Oberſtimme gegen den
327 462 2517 850 Grundbaß in Obacht nehmen muß.
1257 909 1548 1007 §. 198.
332 992 550 1249 E
543 1003 2506 1213 ine Oberſtimme iſt nichts anders, als ein aus den Harmonien
543 1003 2506 1213 des Grundbaſſes geſammleter Geſang.
1251 1239 1569 1341 §. 199.
344 1349 2526 1550 Ehe wir die Regeln derſelben erklaͤren, muͤſſen wir folgende An⸗
344 1349 2526 1550 merkungen machen:
416 1557 2517 2387 1) Verſchiedene Noten einer Oberſtimme koͤnnen mit einer unð
416 1557 2517 2387 eben derſelben Grundbaßnote uͤbereinſtimmen, wenn dieſe Noten
416 1557 2517 2387 zu dem Accorde einer und eben derſelben Grundbaßnote gehoͤren;
416 1557 2517 2387 z. E. der Geſang c, e, g, e,c, kann die einzige Note c zum
416 1557 2517 2387 Grundbaſſe haben, weil der Accord dieſer Note die in der Ober⸗
416 1557 2517 2387 ſtimme befindlichen Toͤne c, e, g, enthaͤlt.
416 1557 2517 2387 2) Eine einzige Note in der Oberſtimme kann gegentheils aus eben
416 1557 2517 2387 dieſem Grunde verſchiedene Noten zum Baſſe haben; z. E. die
416 1557 2517 2387 Note g allein kann die drey Noten c,/ g, zum Baſſe haben ).
2291 2376 2499 2473 Erſte
334 2517 1409 3218 den Accord h d f a hinter ſich bekom⸗
334 2517 1409 3218 men. Dieſes iſt eine Freyheit, die man
334 2517 1409 3218 ſich erlaubt, um nicht aus derjenigen
334 2517 1409 3218 Tonleiter zu weichen, worinnen man ſich
334 2517 1409 3218 befindet, z. E. aus der Tonleiter c, zu
334 2517 1409 3218 welcher f und h gehoͤren. Wenn man
334 2517 1409 3218 von f ins b heruntergienge, ſo wuͤrde
334 2517 1409 3218 man aus dem Tone c, weichen, weil h
334 2517 1409 3218 nicht dahinein gehoͤret.
1441 2511 2497 3135 q) Jn einer Oberſtimme giebt es
1441 2511 2497 3135 oͤfters verſchiedene Noten, zu welchen
1441 2511 2497 3135 man, wenn man will, keinen Accord
1441 2511 2497 3135 ſetzen darf, indem ſolche als Wechſel⸗
1441 2511 2497 3135 oder durchgehende Noten zu weiterm nichts
1441 2511 2497 3135 dienen, als den Geſang zuſammen zu
1441 2511 2497 3135 haͤngen, und die Melodie fließender oder
1441 2511 2497 3135 faßlicher zu machen.
1447 3135 2495 3224 Wenn die Noten gleich ſind, und ſtu⸗
2371 3213 2479 3280 fen⸗
319 2486 2520 3304 den Accord h d f a hinter ſich bekom⸗ q) Jn einer Oberſtimme giebt es
319 2486 2520 3304 men. Dieſes iſt eine Freyheit, die man oͤfters verſchiedene Noten, zu welchen
319 2486 2520 3304 ſich erlaubt, um nicht aus derjenigen man, wenn man will, keinen Accorh
319 2486 2520 3304 Tonleiter zu weichen, worinnen man ſich ſetzen darf, indem ſolche als Wechſel⸗
319 2486 2520 3304 befindet, z. E. aus der Tonleiter c, zu oder durchgehende Noten zu weiterm nichts
319 2486 2520 3304 welcher f und h gehoͤren. Wenn man dienen, als den Geſang zuſammen zu
319 2486 2520 3304 von f ins b heruntergienge, ſo wuͤrde haͤngen, und die Melodie fließender oder
319 2486 2520 3304 man aus dem Tone c, weichen, weil h faßlicher zu machen.
319 2486 2520 3304 nicht dahinein gehoͤrt. Wenn die Noten gleich ſind, und ſtu⸗
319 2486 2520 3304 e fen
