2973 3646
949 134 1989 298 des Herrn d Alembert.
336 286 2585 1453 Noch weniger muß man ſich annoch uͤberreden, daß es
336 286 2585 1453 genug iſt, um gut zu componiren, ſich mit den in dieſem
336 286 2585 1453 Buche abgehandelten Grundſaͤtzen bekannt gemacht zu ha⸗
336 286 2585 1453 ben. Man kann die Mechanik der Kunſt nur bis auf einen
336 286 2585 1453 gewiſſen Punct darinnen lernen; die Natur muß das uͤbrige
336 286 2585 1453 thun. Ohne ſelbige wird man keine beſſere Compoſition zum
336 286 2585 1453 Vorſchein bringen, wenn man auch dieſes Buch ſtudiret hat,
336 286 2585 1453 als man nach der Anweiſung des Richelet gute Verſe machen
336 286 2585 1453 wird. Kurz, es ſind Anfangsgruͤnde der Muſik, und nicht
336 286 2585 1453 Anfangsgruͤnde des Genies, die ich hier entwerfe.
357 1448 2657 2135 Das iſt der Gegenſtand, warum ich geſchrieben habe,
357 1448 2657 2135 und in dieſer Verfaſſung muß man dieſes Buch leſen, von
357 1448 2657 2135 welchem, noch einmal geſagt, der Grundſtof mir im gering⸗
357 1448 2657 2135 ſten nicht gehoͤret. Mein einziger Zweck iſt geweſen, mich
357 1448 2657 2135 nuͤtzlich zu machen; ich habe nichts dahin abzielendes unter⸗
357 1448 2657 2135 laſſen, und ich wuͤnſche, denſelben erreicht zu haben.
2270 3261 2520 3339 Vorbe⸗
