2973 3593
697 170 2226 273 in der Oberſtimme und in dem Generalbaſſe.
2403 193 2508 241 Io1
1330 334 1581 417 §. 225.
580 437 2514 528 Um einen Generalbaß deſto angenehmer zu machen, und demſel⸗
409 529 2514 620 ben eine diatoniſche Fortſchreitung zu geben, pfleget man die Haupt⸗
407 613 2517 712 noten deſſelben mit andern nicht zur Harmonie gehoͤrigen Noten durch⸗
409 717 2198 801 zuflechten, z. E.
412 1447 2417 1589 Eilftes Capitel.
412 1586 2515 1729 Den Grundbaß zu einem bezifferten General⸗
417 1731 2043 1842 baſſe zu finden.
1357 1888 1582 1969 §. 226.
417 1999 590 2226 E
590 1986 2514 2084 s iſt nichts leichter, als dieſe Aufgabe aufzuloͤſen, wenn man ſich
612 2081 2515 2164 mit der Abſtammung der Accorde gehoͤrig bekannt gemachet.
614 2168 2411 2257 Man merke uͤbrigens folgende Regeln:
1338 2281 1595 2373 §. 227.
495 2397 2512 2499 1) Jede unbezifferte Note eines Generalbaſſes bleibet eben dieſelbe
589 2484 2513 2571 in dem Grundbaſſe, und iſt eine toniſche Note, oder wird fuͤr
586 2573 2511 2665 ſolche angeſehen. Hieher gehoͤren alle mit 3, 5, 8, K, b oder
590 2670 1195 2756 h bezeichnete Noten.
467 2771 2511 2868 2) Jede mit 6, oder 6 und 3 bezifferte Note hat die Unterterz, mit
589 2859 1959 2943 dem vollkommenen Accorde, zum Grundbaſſe.
506 2972 2509 3064 3) Jede mit 6 und 4 bezeichnete Note hat die Unterquinte, mit dem
584 3058 2510 3143 vollkommenen Accorde, zum Grundbaſſe.
1543 3134 2512 3237 N3 4Jede
