2973 3702
413 178 574 294 108
600 191 2519 301 IIBuch. XlI Cap. Was es heißt: in einem Tone ſeyn rc.
1395 333 1660 437 §. 235.
419 424 2642 702 Das ſind alſo alle, ſowohl Dur · als Molltonarten, worunter
419 424 2642 702 diejenigen, die die vielen Kreuze und Been mit ſich fuͤhren, wegen
419 424 2642 702 ihrer ſchweren Ausfuͤhrung, nicht viel gebrauchet werden.
1363 714 1699 805 §. 236.
587 779 1221 882 Es folaet hieraus:
490 895 2675 2207 1) daß, wenn weder ein Kreuz noch Be am Schluͤſſel ſtehet, ſol⸗
490 895 2675 2207 ches ein Merkmal iſt, daß das Stuͤck entweder aus c dur oder
490 895 2675 2207 aus a moll gehet.
490 895 2675 2207 2) daß, wenn nur ein Kreuz in der Vorzeichnung ſtehet, ſolches
490 895 2675 2207 allezeit vor f, und alſo fis ſeyn muß, und daß das Stuͤck ent⸗
490 895 2675 2207 weder aus g dur oder aus e moll gehet. Wenn man alſo
490 895 2675 2207 das ſis ein h nennet, und ſich hiernach einen andern gehoͤrigen
490 895 2675 2207 Schluͤſſel vorſtellet: ſo kann man das Stuͤck ohne Kreuz ſingen.
490 895 2675 2207 Z. E. wenn ein aus dem g dur geſetztes Stuͤck auf den G Schluͤſ⸗
490 895 2675 2207 ſel auf der erſten Linie geſchrieben waͤre: ſo wuͤrde die vierte Li.
490 895 2675 2207 nie fis heißen. Wenn man nun dieſes fis in h verwandelt,
490 895 2675 2207 und ſich zu dem Ende den C Schluͤſſel auf der erſten Linie ein⸗
490 895 2675 2207 bildet: ſo kann man dieſes Stuͤck ohne Kreuz ſingen, wie man
490 895 2675 2207 leicht die Erfahrung damit machen kann. Man nennet dieſes
490 895 2675 2207 Verfahren transponiren oder die Transpoſition.
1363 2220 1660 2311 §. 237.
419 2304 2642 3021 Es iſt leicht abzunehmen, daß, ſobald fis in h verwandelt wird,
419 2304 2642 3021 aus dem g ein c, und aus dem e ein a werden muß, u. ſ. w. Vermit⸗
419 2304 2642 3021 telſt dieſer Transpoſition wird alſo das aus dem g dur geſetzte Stuͤck
419 2304 2642 3021 eben ſo geſungen, als wenn es aus c dur gienge; und eben die Be⸗
419 2304 2642 3021 wandtniß hat es mit einem in a moll geſetzten Stuͤcke, welches man in
419 2304 2642 3021 e moll verſetzet. Die Toͤne g dur und e moll verwandeln ſich alſo
419 2304 2642 3021 vermittelſt der Transpoſition in c dur und in a moll, und eben dieſe
419 2304 2642 3021 Bewandtniß hat es mit allen uͤbrigen Dur⸗ und Molltoͤnen [fn_nnn)].
2345 3021 2597 3125 Drey⸗
2403 3286 2600 3357 d in c
445 3131 1505 3293 nnn) Zwey Kreuze, fis und cis,
445 3131 1505 3293 bezeichnn entweder d dur, oder h moll.
1544 3125 2610 3280 Die Note cis wird alsdenn, vermittelſt
1544 3125 2610 3280 der Transpoſition, in h, und folglich
432 3125 2623 3377 nnn) Zwey Kreuze, fis und cis, Die Note cis wird alsdenn, vermittelſt
432 3125 2623 3377 bezeichnn entweder d dur, oder h moll. der Transpoſition, in h, und folglich
432 3125 2623 3377 d in c
