2973 3702
426 165 574 275 60
587 430 2481 721 Siebenzehntes Capitel.
587 430 2481 721 Von unterbrochenen Cadenzen.
1408 753 1660 863 §. 13i.
432 850 639 1141 J
433 870 2655 2311 einem Grundbaſſe mit Quinten iſt, wie ſchon bemerket wor⸗
433 870 2655 2311 den (Cap. VIll.), allezeit ein mehr oder weniger vollkomme⸗
433 870 2655 2311 ner Ruhepunct von einem Tone zum andern. Folglich muß in
433 870 2655 2311 der davon entſpringenden diatoniſchen Leiter ebenfalls ein mehr oder
433 870 2655 2311 weniger vollkommener Ruhepunct von einem Tone zum andern ſeyn.
433 870 2655 2311 Man kann vermittelſt einer ſehr leichten Erfahrung darthun, daß der
433 870 2655 2311 Grund des Ruhepuncts in der Melodie einzig und allein in dem ent⸗
433 870 2655 2311 weder wuͤrklich vorhandenen, oder doch dazu gehoͤrigen Grundbaſſe
433 870 2655 2311 lieget. Man ſinge die drey Noten c, d, c hinter einander, und mache
433 870 2655 2311 einen Triller auf d. Der Geſang wird nach dem zweyten c geendiget
433 870 2655 2311 zu ſeyn ſcheinen, und das Gehoͤr nichts weiter verlangen. Eben ſo
433 870 2655 2311 verhaͤlt es ſich, wenn man dieſen Geſang mit ſeinem natuͤrlichen Grund⸗
433 870 2655 2311 baſſe c, g, c begleitet. Wenn man aber anſtatt dieſes Baſſes den fol⸗
433 870 2655 2311 genden macht: c, g, a: ſo wird alsdenn der Geſang nicht mehr ge⸗
433 870 2655 2311 endiget zu ſeyn ſcheinen, ſondern das Gehoͤr wird noch mehr verlan⸗
433 870 2655 2311 gen. Dieſe Erfahrung iſt leicht zu machen.
1427 2343 1692 2427 §. 132.
452 2427 2649 2879 Dieſe Fortſchreitung g, a, wo die Dominante g diatoniſch zum
452 2427 2649 2879 a hinaufſteiget, anſtatt auf den Stammton c Quintenweiſe herab⸗
452 2427 2649 2879 zugehen, heißt eine unterbrochene Cadenz, weil die vollkommene
452 2427 2649 2879 Cadenz g, c, welche das Ohr nach der Dominante g erwartet, unter⸗
452 2427 2649 2879 brochen, und durch den Gang von g zu gehemmet wird.
1389 2905 1679 3002 §. 133.
464 3002 2662 3267 Hieraus folget, daß, wenn der Geſang c, d, e geendiget zu ſeyn
464 3002 2662 3267 ſcheinet, wenn kein Baß dazu gehet, daß man alsdenn den natuͤrli⸗
464 3002 2662 3267 chen Grundbaß c, g,c dazu denket, weil das Ohr eine Folge dieſes
2500 3267 2662 3377 Ge⸗
