2973 3613
937 420 2512 539 Ein und zwanzigſtes Capitel.
388 537 2518 683 Von dem chromatiſch⸗enharmoniſchen
556 692 2219 804 Klanggeſchlechte.
1324 843 1600 940 § 148.
394 970 647 1198 W
653 960 2523 1051 enn man wechſelsweiſe mit fallenden kleinen Terzen und ſtei⸗
696 1059 2041 1146 genden großen Terzen fortgehet, z. E.
695 1144 2439 1233 c, c, a, cis, cis.
393 1248 1316 1338 ſo entſtehet daher der Geſang:
1077 1331 2328 1415 es, e, e, e, eis.
392 1421 2280 1508 worinnen alle halbe Toͤne klein ſind ).
434 1514 2523 1622 Dieſes Klanggeſchlecht wird das chromatiſch⸗ enharmoni⸗
393 1607 2527 1709 ſche Klanggeſchlecht genennet, weil zween kleine halbe Toͤne um ei⸗
399 1694 2440 1795 nen enharmoniſchen Viertheilston kleiner, als ein ganzer Ton, ſind.
1323 1823 1597 1902 §. 149.
398 1890 2531 1987 ,Dieſe neuen Klanggeſchlechte beſtaͤtigen, was wir bisher geſage
401 1978 2529 2094 haben, naͤmlich, daß alle Wirkung der Harmonie und Melodie
402 2078 1826 2167 von dem Grundbaſſe abhangt.
1342 2197 1576 2274 §. 150.
418 2263 2531 2363 Das diatoniſche Klanggeſchlecht iſt das angenehmſte, weil
399 2352 2530 2448 der Grundbaß, woraus daſſelbe beſtehet, von der alleinigen Fort⸗
406 2442 2530 2541 ſchreitung der Quinten, als der angenehmſten unter allen, hervor⸗
404 2547 838 2632 gebracht wird.
1614 2614 2524 2709 J3 §. 15i.
483 2728 2523 2821 gg Es iſt klar, daß es iſt, (An⸗ aus z oder 44. Folglich iſt eis
406 2805 2524 2891 merk. d) und daß e 4iſt. Es und e aus 44; folglich iſt das e aus der Lener
406 2888 2525 2967 verhalten ſich alſo wie gegen H, das annoch gegen das folgende eis wie 24
406 2961 2522 3049 iſt, wie 6 mal 4 gegen 5 mal 5, oder gegen 25; folglich ſind alle halbe Toͤne
409 3044 2520 3124 wie 24: 25, und diefes Jntervall machet in dieſer Leiter einander gleich, und zwar
403 3132 1737 3196 den kleinen halben Ton aus. Noch mehr, alle klein.
403 3194 2207 3280 das a aus dem Baſſe iſt , und cis iſt
483 2741 1440 2821 gg Es iſt klar, daß es iſt, (An⸗
406 2818 1439 2891 merk. d) und daß e iſt. Es und e
406 2898 1438 2967 verhalten ſich alſo wie gegen , das
406 2978 1437 3049 iſt, wie 6 mal 4 gegen 5 mal 5, oder
409 3054 1439 3124 wie 24: 25, und dieſes Jntervall machet
403 3132 1436 3196 den kleinen halben Ton aus. Noch mehr,
403 3206 1436 3271 das a aus dem Baſſe iſt , und cis iſt
1501 2728 2523 2810 aus oder 2. Folglich iſt eis
1502 2805 2524 2886 aus 44; folglich iſt das e aus der Leiter
1501 2888 2525 2962 annoch gegen das folgende eis wie 24
1499 2961 2522 3042 gegen 25; folglich ſind alle halbe Toͤne
1501 3044 2520 3117 in dieſer Leiter einander gleich, und zwar
1499 3133 1737 3186 alle klein.
