2973 3697
457 161 542 235 68
658 418 2378 512 Zwanzigſtes Capitel.
454 545 2632 700 Von dem diatoniſch-enharmoniſchen
647 696 2617 797 Klan ggeſchlecht e.
1401 869 1664 954 §. 147.
456 975 712 1207 W
738 979 2632 1077 nn man einen Grundbaß aus wechſelsweiſe ſteigenden Quin⸗
764 1072 2631 1167 ten und Terzen, oder welches einerley iſt, aus wechſelsweiſe
764 1159 2544 1268 fallenden Quarten und ſteigenden Terzen formiret, z. E.
821 1273 2038 1371 f, c, e, h.
459 1390 2615 1490 ſo giebet dieſer Baß den Geſang:
1251 1510 2636 1626 f, e, e, dis.
461 1625 2632 1723 worinnen die halben Toͤne f, e, und e, dis einander gleich ) und
459 1715 1424 1798 zwar große halbe Toͤne ſind.
638 1825 2630 1928 Dieſes Klanggeſchlecht, worinnen alle halbe Toͤne groß ſind,
460 1911 2633 2018 heiſſet das diatoniſch⸗enharmoniſche Klanggeſchlecht, weil zween
463 2002 2631 2104 große halbe Toͤne hinter einander einen, um einen enharmoniſchen
461 2094 2411 2190 Viertheilston, zu großen ganzen Ton formiren.
2467 2640 2627 2715 Ein⸗
550 2759 2628 2846 ff Der Augenſchein giebet, daß, wenn aus 4, oder 4 iſt, h aus dem Baſſe
472 2840 2627 2922 das f aus dem Baſſe fuͤr 1 angenommen aus , und dis von h: ſo ver⸗
473 2921 2628 3007 wird, das f aus der Leiter 2 iſt, c aus haͤlt ſich e gegen dis wie gegen 3
469 3003 2630 3086 dem Baſſe 3 und e aus der Leiter aus aus 44, das iſt wie i6 gegen 15. Folglich
469 3080 2624 3168 4, das iſt . Die Differenz von f zu ſind die beyden halben Toͤne f, e und e,
473 3159 2101 3240 e iſt alſo wie 2 gegen, oder wie 1ge⸗ dis alle beyde groß.
472 3241 1517 3312 gen H Wenn nun e aus dem Baſſe
550 2759 1522 2837 ff Der Augenſchein giebet, daß, wenn
472 2840 1521 2915 das f aus dem Baſſe fuͤr 1 angenommen
473 2921 1520 2993 wird, das f aus der Leiter 2 iſt, c aus
469 3003 1519 3073 dem Baſſe und e aus der Leiter aus
469 3080 1518 3156 4, das iſt 4. Die Differenz von f zu
473 3159 1519 3228 e iſt alſo wie 2 gegen , oder wie 1ge⸗
472 3241 1517 3312 gen H Wenn nun e aus dem Baſſe
1586 2770 2628 2846 aus , oder 4 iſt, h aus dem Baſſe
1583 2851 2627 2922 aus , und dis von h: ſo ver⸗
1583 2924 2628 3007 haͤlt ſich e gegen dis wie gegen z
1588 3008 2630 3086 aus 44, das iſt wie i6 gegen 15. Folglich
1583 3086 2624 3168 ſind die beyden halben Toͤne f, e und e,
1581 3163 2101 3240 dis alle beyde groß.
