2973 3634
479 183 2398 283 1Buch. XVII Cap. Von demchromot. Klanggeſchlechte.
2442 188 2517 257 6
1325 340 1600 422 §. 140.
565 428 2509 520 Wenn der Grundbaß mit kleinen Terzen fortgienge, als c, es:
391 521 2511 612 ſo wuͤrde man den Geſang g, ges, und dadurch zugleich annoch einen
390 610 2510 698 kleinen halben Ton erhalten a). Es iſt dieſe Fortſchreitung aber
388 698 2508 795 erlaubt, ſobald man den Urſprung der weichen Tonart erkennet.
386 794 2502 873 (Cap. X.).
1319 882 1579 955 §. 14I.
557 964 2510 1059 Der kleine halbe Ton laͤſſet ſich mit weit weniger Leichtigkeit ſin⸗
383 1058 2510 1163 gen, als der große halbe Ton. Unſere Grundſaͤtze geben davon die
382 1145 2509 1235 Urſache an. Der große halbe Ton, der in der diatoniſchen Leiter
383 1233 2508 1325 von e zu f vorhanden iſt, entſpringet aus dem Grundbaſſe mit Quin⸗
382 1317 2509 1414 ten, c,f, und folglich aus der natuͤrlichſten, und aus dieſer Urſache
382 1407 2509 1499 der angenehmſten Folge. Der kleine halbe Ton hingegen entſpringet
381 1499 2509 1588 aus dem Grundbaſſe mit Terzen, der weniger natuͤrlich, als der vor⸗
378 1586 2507 1677 hergehende iſt. Man bedienet ſich auch insgemein des folgenden
381 1671 2505 1765 Kunſtſtuͤcks, um den kleinen halben Ton rein anzuſtimmen. Setzet
374 1761 2505 1852 z. E. daß man von g zu gis hinaufſteigen wolle: ſo ſteiget man zu⸗
379 1847 2505 1926 foͤrderſt von a zu a hinauf, und hernach vermittelſt eines großen hal⸗
2403 1937 2508 2001 ben
375 2071 2504 2152 ſammengenommen, den kleinen ganzen lich 4 mit ſich ſelbſt multipliciret
376 2148 2502 2224 Ton machet, das iſt; wenn man z. E. giebet 43, und dieſer Bruch iſt
376 2229 2499 2301 vom e zum f und hernach vom f zum fis groͤßer als , woraus der große
375 2308 2246 2380 hinaufſteiget: ſo machet das Jntervall ganze Ton beſtehet (29.
375 2379 2499 2458 e: fis einen kleinen ganzen Ton; Denn 2) Ein großer und kleiner halbe Ton
374 2461 2499 2532 ſetzet, daß e 1iſt, ſo iſt f , und fis geben weniger, als einen großen gan⸗
373 2536 2496 2611 wird ſeyn aus 3, das iſt, 25 mal 16 zen Ton, indem ſie den kleinen
372 2614 2300 2691 dividiret mit 24 mal 15, oder , und ganzen Ton geben (30).
371 2689 2493 2765 dieſes Jntervall machet den kleinen 3 Zween kleine halbe Toͤne wuͤrden
369 2772 2449 2848 ganzen Ton. (Anmerk. p) (28). folglich noch weniger geben (3.
448 2846 2489 2976 : .e e:azec
368 2923 2489 2996 trift. ſo kann ſelbiger nicht aufs genaue. aus ſeyn, das iſt (Anmerk.)
369 3004 2488 3078 ſle aus den zween halben Toͤnen formiret und g wird ſeyn 4. Nun iſt die Diffe⸗
369 3074 2490 3162 werden. Denn renz zwiſchen und 4 (Anmerk. d)
369 3158 2486 3233 1) Zween große halbe Toͤne geben mehr 3 mal 25 gegen 2 mal 36, das iſt, 2ʒ ge⸗
392 3237 2001 3311 als einen großen ganzen Ton. Naͤm⸗ gen 24. Folglich rc.
375 2073 1422 2152 ſammengenommen, den kleinen ganzen
376 2155 1403 2224 Ton machet, das iſt; wenn man z. E.
376 2229 1404 2301 vom e zum f und hernach vom f zum fis
375 2310 1404 2380 hinaufſteiget: ſo machet das Jntervall
375 2387 1400 2458 e: fis einen kleinen ganzen Ton; Denn
374 2461 1402 2532 ſetzet, daß e 1 iſt, ſo iſt f , und fis
373 2539 1401 2610 wird ſeyn aus 4, das iſt, 25 mal 16
372 2620 1399 2688 dividiret mit 24 mal 15, oder , und
371 2696 1400 2765 dieſes Jntervall machet den kleinen
369 2772 1243 2845 ganzen Ton. (Anmerk. p) 28.
448 2852 1402 2925 Was den großen ganzen Ton be⸗
368 2930 1401 2995 trift: ſo kann ſelbiger nicht aufs genaue⸗
369 3007 1403 3075 ſle aus den zween halben Toͤnen formiret
369 3086 776 3145 werden. Denn
447 3161 1400 3233 ) Zween große halbe Toͤne geben mehr
525 3237 1398 3308 als einen großen ganzen Ton. Naͤm⸗
1626 2071 2504 2143 lich 4 mit ſich ſelbſt multipliciret
1622 2148 2502 2223 giebet 34, und dieſer Bruch iſt
1620 2230 2499 2300 groͤßer als , woraus der große
1625 2308 2246 2374 ganze Ton beſtehet (29.
1545 2379 2499 2451 2) Ein großer und kleiner halbe Ton
1618 2461 2499 2529 geben weniger, als einen großen gan⸗
1621 2536 2496 2611 zen Ton, indem ſie den kleinen
1618 2614 2300 2691 ganzen Ton geben (30.
1537 2689 2493 2763 3) Zween kleine halbe Toͤne wuͤrden
1624 2774 2449 2826 folalich noch weniger geben (1).
1545 2846 2489 2976 ciei
1465 2923 2489 2996 aus 4 ſeyn, das iſt (Anmerk.)
1465 3004 2488 3078 und g wird ſeyn 4. Nun iſt die Diffe⸗
1466 3074 2490 3151 renz zwiſchen und 4 (Anmerk. d)
1463 3158 2486 3230 3 mal 25 gegen 2 mal 36, das iſt, 2ʒ ge⸗
1461 3239 2001 3302 gen 24. Folglich c.
