2973 3646
1169 620 1825 851 Jnhalt.
412 866 2596 3199 Vorbereitung, worinnen verſchiedene Kunſtwoͤrter erklaͤret werden. Seite 1
412 866 2596 3199 1. Capitel, was man durch Melodie, Accord, Harmonie, Jntervall verſtehet. 1
412 866 2596 3199 2. Capitel, Namen, womit man die verſchiedenen Jntervalle der Tonleiter be⸗
412 866 2596 3199 merket.4
412 866 2596 3199 3. Capitel, von Jntervallen, die groͤßer als die Oetave ſind. 5
412 866 2596 3199 4. Capitel, von dem Kreuze und dem B.i7
412 866 2596 3199 5. Capitel, was eine Conſonanz und Diſſonanz iſt. 8
412 866 2596 3199 I Buch, welches die Theorie der Harmonie enthaͤlt.9
412 866 2596 3199 1. Capitel, vorlaͤufige und Grunderfahrungen. 9
412 866 2596 3199 2. Capitel, Urſprung der beyden Tonarten: Von dem natuͤrlichen Geſange und
412 866 2596 3199 der vollkommenſten Harmonie. 14
412 866 2596 3199 3. Capitel, von dem Quintenweiſe fortgehenden Grundbaſſe. 17
412 866 2596 3199 4. Capitel, von der Tonart uͤberhaupt. 19
412 866 2596 3199 5. Capitel, von der diatoniſchen Tonleiter der Griechen. 21
412 866 2596 3199 6. Capitel, von der diatoniſchen Tonleiter der heutigen Zeit. 26
412 866 2596 3199 7. Capitel, von der Temperatur.29
412 866 2596 3199 8. Capitel, von den Ruhepuncten und Cadenzen. 37
412 866 2596 3199 9. Capitel, von der kleinen oder weichen Tonart.39
412 866 2596 3199 10. Capitel, von der diatoniſchen Tonleiter der kleinen Tonart. 43
412 866 2596 3199 n. Capitel, von der Diſſonanz. 46
412 866 2596 3199 12. Capitel, von dem Doppelgebrauche der Diſſonanz. 48
412 866 2596 3199 13. Capitel, Regeln vom Doppelgebrauche der Diſſonanz. 50
412 866 2596 3199 14. Capitel, verſchiedene Arten des Septimenaccords. 3
412 866 2596 3199 15. Capitel, von der Vorbereitung der Diſſonanzen. 5
412 866 2596 3199 16. Capitel, Regeln, die Diſſonanzen aufzuloͤſen. 57
412 866 2596 3199 7. Capitel, von unterbrochenen Cadenzen. 60
1585 3216 2532 3284 2 i8. Ca⸗
