2973 3625
397 200 574 295 120
960 181 2068 295 Anerkungen des Ueberſetzers.
416 326 2612 3250 (6) Daß ſo viel als anderthalb iſt, erfaͤhret man vermittelſt der Di.
416 326 2612 3250 von, a
416 326 2612 3250 z 1
416 326 2612 3250 (2l
416 326 2612 3250 und anderthalb wird wieder zu H, wenn man die ganze Zahl 1 und den Bruch
416 326 2612 3250 folgendermaßen reduciret, als:
416 326 2612 3250 1
416 326 2612 3250 τ
416 326 2612 3250 ſndat biervon mehrere Nachricht in meinen Anfangsgrunden der theoret.
416 326 2612 3250 uut.
416 326 2612 3250 () Wer von der Art, die Proportion eines Jntervalls gegen das andre
416 326 2612 3250 zu beſtimmen, und ihre Differenzen zu finden, umſtaͤndlicher unterrichtet ſeyn
416 326 2612 3250 will, ſehe die vorhin gedachten Anfangsgruͤnde, in dem Capitel von der Sub⸗
416 326 2612 3250 traction und Comparation der Verhaͤltniſſe.
416 326 2612 3250 (8) Dieſer Proceß heißt die Addition der Verhaͤltniſſe.
416 326 2612 3250 (9) Wenn die Octave nicht zu dem Grundtone hinzugefuͤget wird: ſo
416 326 2612 3250 heißt der Accord ein harmoniſcher Dreyklang.
416 326 2612 3250 (io) Was der Verfaſſer hier ſagt, iſt, bey dem angenommenen Grundſate
416 326 2612 3250 von der Analogie der Toͤne, ganz artig theoretiſch geſagt. Es folget aber dar⸗
416 326 2612 3250 aus, daß der Fortgang von c zu d, oder von c zu a, in dem Grundbaſſe nicht
416 326 2612 3250 natuͤrlich iſt, im geringſten nicht, daß derſelbe nicht gut ſey. Die Kunſt koͤmmt
416 326 2612 3250 hier der Natur zu Huͤlfe, und wollte man die erſte von der letzten verbannen:
416 326 2612 3250 ſo wuͤrde gar keine Muſik ſeyn. Wenn aber eine Secundenfortſchreitung in
416 326 2612 3250 einem Grundbaſſe nicht ſo natuͤrlich iſt, als eine Quintenfortſchreitung: ſo iſt
416 326 2612 3250 die Urſache hiervon dieſe, weil bey derſelben eine Fortſchreitung uͤberſprungen oder
416 326 2612 3250 ausgelaſſen iſt, indem man naͤmlich aus
416 326 2612 3250 0
2365 3174 2599 3256 machet,
