2973 3636
716 188 2175 278 1Buch. viI Cap. Von den Cadenzen
2412 173 2502 283 37
360 329 2512 611 ſind: ſo wird man dennoch keine Art von Cacophonie, die natuͤrli⸗
360 329 2512 611 cher Weiſe daraus entſtehen ſollte, empfinden, weil das Ohr die Dif⸗
360 329 2512 611 ferenzen nicht beobachtet, und die Jntervalle fuͤr gut annimmt. (24).
355 587 2503 1485 Andre Erfahrung. Man gebe die drey Toͤne e: g: h auf
355 587 2503 1485 der Orgel an. Man wird niemals mehr als den weichen Drey⸗
355 587 2503 1485 klang hoͤren, obgleich, vermoͤge der Conſtruction dieſes Jnſtru⸗
355 587 2503 1485 ments, mit dem e ein gis; mit dem g ein d, und mit dem h
355 587 2503 1485 ein fis erklinget, und das Ohr folglich von allen dieſen Toͤnen:
355 587 2503 1485 d, e, fis, g, gis, h auf einmal beweget wird. Was fuͤr Dißo⸗
355 587 2503 1485 nanzen mit einmal, und was wuͤrde dem Ohre fuͤr ein Miß⸗
355 587 2503 1485 vergnuͤgen dadurch verurſachet werden, wenn der harmoniſche
355 587 2503 1485 Dreyklang, wovon es zum voraus eingenommen iſt, daßelbe nicht
355 587 2503 1485 verhinderte?
498 1609 2351 1913 Achtes Capitel.
498 1609 2351 1913 Von den Ruhepuncten und Cadenzen.
1295 1936 1576 2059 §. 73.
367 2059 554 2328 J
346 2060 2512 3209 n einem Quintenweiſe fortgehenden Grundbaße iſt allezeit, oder
346 2060 2512 3209 es kann allezeit von einem Tone zum andern ein Ruhepunct
346 2060 2512 3209 ſeyn; Aber ſolcher iſt mehr oder weniger fuͤhlbar, und folglich
346 2060 2512 3209 mehr oder weniger vollkommen. Steiget man Quintenweiſe, z. E.
346 2060 2512 3209 gehet man von c zur Quinte g: ſo iſt es der Stammton, der ſich zu
346 2060 2512 3209 einer ſeiner Quinten fortbeweget, und dieſe Quinte exiſtirte ſchon
346 2060 2512 3209 vorher in ihrem Stammtone. Aber dieſer iſt nicht mehr in jener vor⸗
346 2060 2512 3209 handen; und das Ohr, welches dieſen Stammton als den Grund
346 2060 2512 3209 aller Harmonie und Melodie betrachtet, ſuchet ſelbigen wieder. Der
346 2060 2512 3209 Fortgang von einem Tone zu ſeiner Oberquinte wird alſo ein unvoll⸗
346 2060 2512 3209 kommener Ruhepunct, oder eine unvollkommene Cadenz; der
346 2060 2512 3209 Fortgang eines Tons aber zu ſeiner Unterquinte ein vollkommener
346 2060 2512 3209 Ruhepunet oder eine vollkommene Cadenz genennet. Es iſt das
1476 3205 2517 3300 E3 Pro—
