2973 3691
422 171 571 313 72
803 145 2291 306 IBuch. ICap. Von den verſchiedenen
448 461 2697 1073 Zweytes Buch,
448 461 2697 1073 — welches die
448 461 2697 1073 vornehmſten Regeln der muſikaliſchen
448 461 2697 1073 Setzkunſt enthaͤlt.
1260 1163 1846 1279 Vorbereitung.
1395 1318 1698 1415 §. 157.
427 1400 672 1653 D
460 1400 2660 1966 ie Compoſition oder Setzkunſt, welche auch Contrapunct
460 1400 2660 1966 genennet wird, beſtehet nicht allein in der Kunſt, einen einzelnen
460 1400 2660 1966 angenehmen Geſang zu verfertigen, ſondern annoch verſchiedene
460 1400 2660 1966 Geſaͤnge dergeſtalt zuſammen zu ſetzen, daß ſie dem Gehoͤre Vergnuͤgen
460 1400 2660 1966 machen. Man nennet dieſes eine vielſtimmige Muſik ſetzen, oder
460 1400 2660 1966 obligat componiren.
1434 1953 1688 2041 §. 158.
450 2054 2650 2404 Die hoͤchſte Stimme wird der Diskant, und die tiefſte der Baß
450 2054 2650 2404 genennet. Von den Mittelſtimmen heißt diejenige, die dem Diskante
450 2054 2650 2404 am naͤchſten iſt, der Alt, und diejenige, die dem Baſſe am naͤchſten iſt,
450 2054 2650 2404 der Tenor.
471 2542 2615 2951 Erſtes Capitel.
471 2542 2615 2951 Von den verſchiedenen Benennungen eines
471 2542 2615 2951 Jntervalls.
1414 2976 1671 3078 §. 159.
457 3043 736 3290 W
743 3089 2643 3272 ir haben in der Vorbereitung zum I Buche §. 9. die bekann⸗
743 3089 2643 3272 teſten Benennungen der verſchiedenen Jntervalle angemerket.
2537 3272 2643 3357 Es
