2973 3619
468 427 2503 831 Viertes Capitel.
468 427 2503 831 Worinnen die vornehmſten Accorde erklaͤret
1334 894 1643 1008 §. 178.
406 1002 607 1267 E
604 1006 2564 1284 in aus der Terz, Quinte und Octave beſtehender Accord
604 1006 2564 1284 t n harmoniſcher Vierklang, oder volltommener
604 1006 2564 1284 ccoro.
405 1319 2567 1509 Wenn die Terz darinnen groß iſt, z. E.c, e, g,c: ſo heißt er
405 1319 2567 1509 ein Duraccord, oder ein großer oder harter Vierklang . 32).
411 1528 2545 1722 Wenn die Terz darinnen klein iſt, z. E. a, c, e, a: ſo heißt er
411 1528 2545 1722 ein Mollaccord, oder ein kleiner oder weicher Vierklang G. 30).
1335 1781 1623 1877 §. 179
384 1894 2562 2251 Ein aus der Terz, Quinte und Septime beſtehender Accord,
384 1894 2562 2251 z. E. g, h, d, f, oder d, f, a, c, ic. heißt ein Septimenaccord. Der
384 1894 2562 2251 Augenſchein giebet es, daß dieſer Accord aus lauter aufſteigenden Ter⸗
384 1894 2562 2251 zen beſtehet.
405 2272 2548 2457 Alle Septimenaccorde werden in der Harmonie ausgeubet, aus⸗
405 2272 2548 2457 genommen
495 2473 2525 3151 1) Derjenige, der aus der kleinen Terz und großen Septime zuſam⸗
495 2473 2525 3151 mengeſetzt wird, z. E. c, e, g, h (35).
495 2473 2525 3151 2) Derjenige, der aus der falſchen Quinte und großen Septime
495 2473 2525 3151 zuſammengeſetzt wird, z. E. h, d, f, ais.
495 2473 2525 3151 3) Derjenige, der aus der großen Terz und falſchen Quinte zuſam⸗
495 2473 2525 3151 mengeſetzt wird, als: h, dis, ſ, a, u.ſ.w. (Man ſehe das xlV
495 2473 2525 3151 Cap. des IBuches).
2308 3175 2527 3270 §. 180.
