2973 3685
1042 182 2085 284 Vorbericht des Ueberſetzers.
662 342 2650 453 Daß ich in Anſehung der Ableitung der Harmonien nicht einer⸗
494 447 2646 560 ley Glaubens bin mit den Herren Rameau und d'Alembert, wirh
494 554 2645 667 denjenigen ſogleich beyfallen, die mein Handbuch bey der Compoſi⸗
496 658 2647 768 tion rc. geleſen haben. Es haͤnget von der Ueberzeugung eines je⸗
495 763 2511 852 den ab, welche Meynung er ergreifen will.
652 868 2645 968 Einem harmoniſchen Mißverſtaͤndniſſe vorzubeugen, wird es noͤ⸗
491 970 2643 1080 thig ſeyn, gewiſſen Perſonen zum Beſten, die Art zu erklaͤren, wie man
489 1074 2642 1185 verſchiedene von dem Herrn dAlembert in Buchſtaben gegebene Ex⸗
490 1180 2639 1288 empel verſtehen muß. Zum Exempel, wenn es in der Anmerkung
486 1274 2639 1392 () heißt: daß folgende Accorde c, e/ g, c, und d, f, a, e, oder
489 1384 2640 1489 c,e, g/ a und b, d, f, b, oͤfters in diatoniſcher Folge hinter ein⸗
487 1490 2636 1598 ander gebrauchet werden: ſo muß ich dieſer Sorte von Leſern zu ge⸗
483 1591 2636 1698 fallen bemerken, daß hier nur von der Beſchaffenheit der Harmonien
485 1696 2633 1804 an ſich, nicht aber von der Stellung der Jntervalle dieſer Harmo⸗
482 1804 2631 1911 nien, die Rede iſt. Man wird es nun ſchon einſehen, daß Herr
480 1904 2627 2014 dAlembert keine Quinten und Octaven zu machen erlaubet. Jch
477 2008 2628 2119 mache dieſe Bemerkung nicht zum Scherze. Es giebt in der That
483 2113 1642 2198 Leute, die ſie gebrauchen.
635 2184 2622 2328 Jch empfehle meine Bemuͤhungen der geneigten Beurtheilung
471 2316 2606 2459 vernuͤnftiger Kenner.
2344 3291 2604 3390 Jnhalt.
