2973 3608
558 208 2398 306 IBuch. X Cap. Von der diatoniſchen Tonleiter rc.
2463 252 2540 313 43
593 356 2539 458 dergeſtalt, daß ſie uns gleichſam noͤthiget, in der neuen Tonart,
592 447 2539 537 dem c die Stelle der kleinen Terz einzuraͤumen; eine Stelle, die
589 534 2490 621 die vornehmſte iſt, welche der Ton c darinnen einnehmen kan.
1347 665 1597 740 §. 84.
596 754 2532 860 Sowohl in der großen als kleinen Tonart wird der Hauptton,
416 845 2532 946 der den harten oder weichen vollkommenen Accord uͤber ſich hat, die to⸗
417 925 1762 1021 iſche Note oder die Klangſeyte genennet.
1131 1182 1858 1274 Zehntes Capitel.
590 1309 2360 1453 Von der diatoniſchen Tonleiter
812 1460 1942 1562 der kleinen Tonart.
1360 1622 1571 1702 §. 85.
415 1721 671 1945 W
695 1726 2536 1841 r haben geſehen, wie aus den drey Toͤnen f: c: g, vermit⸗
720 1816 2534 1921 telſt des Grundbaſſes g, c, g, c, f c, f, die diatoniſche Ton⸗
718 1899 2533 2013 leiter: h, c, d, f, g, a, entſtehet. Wir wollen anitzo die
416 1984 2531 2099 drey Toͤne d, a, e, welche die Tonart a ausmachen, nehmen, und
422 2073 2533 2195 daraus folgenden Grundbaß, der dem vorhergehenden ganz aͤhnlich
421 2159 1201 2247 iſt, zuſammenſetzen, als:
1108 2255 1811 2341 e, a, e, a, d, a, d.
427 2329 2532 2442 Wir wollen, ſo wie im VCap. bey der erſten Scala der großen Ton⸗
428 2414 2531 2542 art, uber dieſe Toͤne einen von ihren harmoniſchen Toͤnen ſetzen, doch
421 2507 2529 2617 mit dem Unterſcheide, daß das d und a aus dem Grundbaſſe die kleine
424 2594 2534 2707 Terz bekommen, um die kleine Tonart zu bilden. Wir werden als⸗
425 2682 1669 2786 denn folgende diatoniſche Leiter erhalten:
1103 2773 2500 2871 gis, a, h, c, d, e, f.
427 2855 2535 2980 Das zu dem e des Grundbaßes gehoͤrige gis, machet gegen dieſes e
426 2944 2536 3071 eine große Terz, ob die Tonart gleich klein iſt, aus der Urſache, weil
428 3033 2529 3158 die Terz von der Quinte des Grundtons groß ſeyn muß, (§. 77.)
427 3118 1981 3220 wenn dieſe Terz zu dem Grundtone a hinaufſteiget.
1588 3222 2538 3338 F 2§. 86.
