2973 3697
434 210 550 320 4
576 178 2595 307 1Buch. XIVCap. Verſchied. Arten des Septimenaccords.
1408 339 1692 442 §. 15.
440 442 2647 1437 Wenn man dem Accorde c, e, g, eine Septime hinzuſetzen will,
440 442 2647 1437 um c in eine Dominante zu veraͤndern: ſo kann man vorher gelehr⸗
440 442 2647 1437 termaßen nichts anders als b hinzufuͤgen, und in dieſem Falle wuͤrde
440 442 2647 1437 der Accord von der toniſchen Dominante in dem Tone f ſeyn c, e,
440 442 2647 1437 g, b ſo wie die Toͤne g, h, d, f den Accord von der toniſchen Dominan⸗
440 442 2647 1437 te in dem Tone c ausmachen. Wenn man aber den Eindruck des
440 442 2647 1437 Tons c in der Harmonie erhalten will, ſo veraͤndert man dieſes h
440 442 2647 1437 alsdenn in h, und folglich den Accord c, e, g, b in c, e g, h. Eben
440 442 2647 1437 ſo verhaͤlt es ſich mit dem Accorde f, , c, e, der aus der Veraͤnderung
440 442 2647 1437 des es in e beſtehet, um vermittelſt dieſes e den Eindruck des Tons
440 442 2647 1437 f zu erhalten.
1395 1417 1692 1501 §. 116.
440 1507 2654 3321 Was den Septimenaccord gis, h, d, f betrift, der aus lauter
440 1507 2654 3321 kleinen Terzen beſtehet: ſo kann man ſolchen ſo betrachten, als
440 1507 2654 3321 wenn er aus der Vereinigung der beyden Accorde von der Dominan⸗
440 1507 2654 3321 te und Unterdominante in der weichen Tonart formiret iſt. Dieſe
440 1507 2654 3321 beyden Accorde ſind e, gis, h, d und d, f, a, h, aus deren Vereinigung
440 1507 2654 3321 der Satz entſtehetꝛ
440 1507 2654 3321 e, gis, h, d, f a.
440 1507 2654 3321 Wenn man aber alle dieſe Toͤne beybehielte: ſo wuͤrde wegen der
440 1507 2654 3321 darinnen vervielfaͤltigten Diſſonanzen eine unangenehme Harmonie
440 1507 2654 3321 daraus entſtehen. Um ſolche zu verhuͤten, ſchneidet man alſo zufoͤr⸗
440 1507 2654 3321 derſt den Zeuge⸗ oder Stammton a ab, welcher (nach dem Cap. I.)
440 1507 2654 3321 gleichſam in d mitvorhanden iſt; und hernach thut man die Quinte
440 1507 2654 3321 oder die Dominante e weg, deren Stelle durch die tonbezeichnende
440 1507 2654 3321 Note gis gleichſam erſetzet wird. Alſo bleibet nichts mehr, als gis, h,
440 1507 2654 3321 d, f ubrig, ein aus lauter kleinen Terzen zuſammengeſetzter Ac⸗
440 1507 2654 3321 cord worinnen man ſich die Dounante e als mitbegriffen vorſtel⸗
440 1507 2654 3321 .ateeeXre
440 1507 2654 3321 Xee ::Xr—
440 1507 2654 3321 Unterdominante d,f, a, h vor. Es wird aber allezeit die Dominante
440 1507 2654 3321 e als die Hauptnote angeſehen.
2383 3282 2628 3405 §. 1n7.
