2973 3646
996 159 1932 293 des Herrn d Alembert.
482 320 2530 440 Noch weniger muß man ſich annoch uͤberreden, daß es
383 437 2532 559 genug iſt, um gut zu componiren, ſich mit den in dieſem
384 550 2530 667 Buche abgehandelten Grundſaͤtzen bekannt gemacht zu ha⸗
380 662 2535 767 ben. Man kann die Mechanik der Kunſt nur bis auf einen
380 766 2538 894 gewiſſen Punct darinnen lernen; die Natur muß das uͤbrige
378 885 2539 1004 thun. Ohne ſelbige wird man keine beſſere Compoſition zum
379 998 2540 1112 Vorſchein bringen, wenn man auch dieſes Buch ſtudiret hat,
379 1110 2536 1222 als man nach der Anweiſung des Richelet gute Verſe machen
380 1220 2540 1337 wird. Kurz, es ſind Anfangsgruͤnde der Muſik, und nicht
381 1339 2413 1449 Anfangsgruͤnde des Genies, die ich hier entwerfe.
561 1448 2535 1562 Das iſt der Gegenſtand, warum ich geſchrieben habe,
382 1544 2534 1676 und in dieſer Verfaſſung muß man dieſes Buch leſen, von
382 1670 2532 1779 welchem, noch einmal geſagt, der Grundſtof mir im gering⸗
381 1779 2531 1894 ſten nicht gehoͤret. Mein einziger Zweck iſt geweſen, mich
381 1895 2534 2005 nuͤtzlich zu machen; ich habe nichts dahin abzielendes unter⸗
380 2013 2522 2117 laſſen, und ich wuͤnſche, denſelben erreicht zu haben.
2270 3261 2520 3339 Vorbe⸗
