2973 3608
893 155 2002 281 Anmerkungen des Ueberſetzers.
2386 174 2537 281 123
358 306 2588 3171 . **. t, ,*. r. *.
358 306 2588 3171 e, cis, d, dis, e, f, fis,
358 306 2588 3171 , . i.
358 306 2588 3171 8 gis, a, b, 0
358 306 2588 3171 Das heißt, daß aus der Zahl 2 die zwoͤlſte Wurzelzahl geſuchet, und die Zahl 2
358 306 2588 3171 von Stufe zu Stufe in aufſteigender Ordnung um ſolche verringert werden
358 306 2588 3171 muß. Dieſes geſchieht, wenn das cis 2 um einmal ſo viel, als dieſe ꝓwoͤlfte
358 306 2588 3171 Wurzelzahl betraͤgt; das d um zweymal ſo viel, das dis um dreymal ſo viel,
358 306 2588 3171 und ſo weiter, verringert werden muß. Man kann aber auf eine umgekehrte
358 306 2588 3171 Art zu eben dieſem Zwecke kommen, wenn man naͤmlich die Zahl 1 in abſteigen⸗
358 306 2588 3171 der Ordnung mit der zwoͤlften Wurzel aus der Zahl 2 von Stufe zu Stufe
358 306 2588 3171 vermehret. Das h bekoͤmmt alsdenn einmal ſo viel, als dieſe Wurzel betraͤgt,
358 306 2588 3171 das b zweymal ſo viel, u. ſ. w.
358 306 2588 3171 Wie aber faͤngt man es an, die zwoͤlfte Wurzel aus der Zahl 2 zu fin⸗
358 306 2588 3171 den, und damit die 2 entweder zu verringern, oder die 1 damit zu vermehren ?
358 306 2588 3171 Dieſes geſchieht durch Huͤlfe der Logarithmik, und weil zwiſchen 2 und 1 keine
358 306 2588 3171 Mittelzahlen vorhanden ſind: ſo nimmt man eine willkuͤhrliche groͤßere Zahl
358 306 2588 3171 an, die ſich verhaͤlt wie 2:1, z. E. 2000: 1000.
358 306 2588 3171 Man dividiret den Logarithmum von 2 mit 12. Mit der kommenden
358 306 2588 3171 Wurzel wird die Zahl 1000 entweder zwoͤlfmal vermehret, oder es wird die
358 306 2588 3171 Zahl 2000 mit ſolcher zwoͤlfmal verringert. Wenn alsdennc ſo viel als
358 306 2588 3171 2000 iſt: ſo iſt
358 306 2588 3171 i 8. d 2ooo. ds 2ooot
358 306 2588 3171 cis 2000 2000 000, und ſo weiter.
358 306 2588 3171 Das iſt, cis iſt um ein geometriſches Zwoͤlftheil kleiner als c; und d iſt um
358 306 2588 3171 zwey ſolcher Zwoͤlftheile kleiner als c, und ſo weiter. Man findet hiervon meh⸗
358 306 2588 3171 rere Nachricht in meinen Anfangsgruͤnden.
358 306 2588 3171 Wir wollen gegenwaͤrtig nach dem Sinne des Herrn Rameau eine gleich⸗
358 306 2588 3171 ſchwebende Temperatur in ihren Zahlen entwerfen. Wir wollen ſolche, mehre⸗
358 306 2588 3171 rer Richtigkeit wegen, zwiſchen 200000: 100o00 berechnen, und mit der Wur⸗
358 306 2588 3171 zel aus 2 den kleinern Terminum zwoͤlfmal hinter einander vermehren. Stehet
358 306 2588 3171 alſo:
