2973 3613
1127 185 1778 294 des Generalbaſſes.
2424 214 2513 283 93
969 334 1875 446 Dritte Regel.
557 460 2506 551 Der Secundenaccord wird dergeſtalt ausgeuͤbet, daß der Baß
382 557 2510 648 ſyncopiret, und hernach zu ſeiner Aufloͤſung eine Stufe unter ſich gehet
377 653 2404 738 (§. 200, 202), z E. )
1555 1303 2505 1398 M 3 Neuntes
453 1445 2503 1537 22) Man muß ſo viel moͤglich ver⸗ die erſte von dieſen Noten zu bezif⸗
378 1528 2500 1594 meiden: fern, oder man beziffert ſie nicht
455 1600 2501 1684 1) daß die Ober⸗ und Unterſtimme einmal, wenn es eine toniſche No⸗
531 1675 2498 1755 nicht einerley Noten machen, zum te iſt, und zeiget die verbleibende
530 1750 2501 1831 wenigſten nicht im Niederſchlage Harmonie durch einen Strich uͤber
531 1833 2344 1904 oder auf einem guten Tacttheile, den andern Noten an, z. E.
530 1913 2306 1984 ausgenommen bey vollkommenen 6 —
536 1971 2487 2060 Cadn. Pk
456 2066 1412 2144 2) daß man nicht zwo Octaven oder
534 2128 2270 2217 zwo Quinten hinter einander ſetze.
388 2206 2493 2298 Zum Exempel, wenn die Oberſtim⸗ 4) Wenn in dem Generalbaſſe eine
533 2284 2493 2376 me g e bat, ſo muß der Baß Note vorkoͤmmt, die ſich auf ver⸗
535 2356 2492 2452 nicht g e oder c a haben. Jm ſchiedene Grundbaſfe bezieht: ſo
536 2437 2495 2519 erſtern Falle kaͤmen Ortaven, in muß man die verſchiedenen Accorde,
532 2514 2493 2592 dem andern Quinten zum Vorſchein. die auf derſelben gemacht werden
531 2590 2492 2671 Dieſe Regel gruͤndet ſich darauf, ſollen, durch geboͤrige Bezifferung
532 2667 2489 2752 daß der Generalbaß nicht die Ober⸗ anzeigen. Zum Exempel, die Baß⸗
533 2732 2486 2829 ſtimme copiren, ſondern einen ver⸗ note g kann folgende drey Grund⸗
531 2821 2488 2906 ſchiedenen Geſang formiren muß. baͤſſe hinter einander haben c g c.
455 2899 2486 2988 3) Wenn verſchiedene Noten im Ge⸗ Jn dieſem Falle muß man das g
530 2978 2481 3056 neralbaſſe vorkommen, die ſich al⸗⸗ als in drey Theile unterſchieden be⸗
529 3051 2482 3133 le auf eben dieſelbe Grundharmo⸗ trachten, deren eines mit , das
377 3130 2483 3223 nie beziehen: ſo brauchet man nut andre mit 7, und das dritte wie⸗
2404 3207 2482 3260 der
453 1451 1401 1537 2r) Man muß ſo viel moͤglich ver⸗
378 1542 574 1593 meiden:
455 1600 1407 1684 1) daß die Ober⸗ und Unterſtimme
531 1683 1405 1755 nicht einerley Noten machen, zum
530 1758 1408 1831 wenigſten nicht im Niederſchlage
531 1834 1409 1904 oder auf einem guten Tacttheile,
530 1913 1406 1984 ausgenommen bey vollkommenen
536 1999 782 2060 Cadenzen.
456 2066 1412 2144 2) daß man nicht zwo Octaven oder
534 2141 1403 2217 zwo Quinten hinter einander ſetze.
531 2217 1404 2295 Zum Exempel, wenn die Oberſtim⸗
533 2295 1409 2376 me g e bat, ſo muß der Baß
535 2370 1403 2452 nicht g e oder c a haben. Jm
536 2447 1405 2519 erſtern Falle kaͤmen Ortaven, in
532 2525 1404 2592 dem andern Quinten zum Vorſchein.
531 2600 1403 2671 Dieſe Regel gruͤndet ſich darauf,
532 2679 1401 2752 daß der Generalbaß nicht die Ober⸗
533 2759 1400 2829 ſtimme copiren, ſondern einen ver⸗
531 2832 1320 2906 ſchiedenen Geſang formiren muß.
455 2908 1401 2988 3) Wenn verſchiedene Noten im Ge⸗
530 2986 1427 3056 neralbaſſe vorkommen, die ſich al⸗.
529 3066 1401 3133 le auf eben dieſelbe Grundharmo⸗
533 3145 1395 3219 nie beziehen: ſo brauchet man nut
1620 1445 2503 1515 die erſte von dieſen Noten zu bezif⸗
1624 1528 2500 1594 fern, oder man beziffert ſie nicht
1624 1602 2501 1671 einmal, wenn es eine toniſche No⸗
1625 1675 2498 1744 te iſt, und zeiget die verbleibende
1628 1750 2501 1819 Harmonie durch einen Strich uͤber
1467 1833 2344 1902 den andern Noten an, z. E.
1713 1924 2306 1963 — —
1529 2078 2488 2146 4
1548 2206 2493 2278 4) Wenn in dem Generalbaſſe eine
1624 2284 2493 2349 Note vorkoͤmmt, die ſich auf ver⸗
1622 2356 2492 2424 ſchiedene Grundbaͤſſe bezieht: ſo
1623 2437 2495 2500 muß man die verſchiedenen Accorde,
1622 2514 2493 2576 die auf derſelben gemacht werden
1622 2590 2492 2657 ſollen, durch gehoͤrige Bezifferung
1622 2667 2489 2736 anzeigen. Zum Exempel, die Baß⸗
1622 2732 2486 2818 note g kann folgende drey Grund⸗
1620 2821 2488 2895 baͤſſe hinter einander haben c g c.
1619 2899 2486 2970 Jn dieſem Falle muß man das g
1576 2978 2481 3042 als in drey Theile unterſchieden be⸗
1615 3051 2482 3119 trachten, deren eines mit, das
1616 3130 2483 3201 andre mit 7, und das dritte wie⸗
2404 3207 2482 3260 der
