2973 3678
465 230 554 296 50
603 190 2627 286 1Buch. XII Cap. Von dem Doppelgebrauche der Diſſonanz
470 338 2629 432 noch außer derſelben den Ton c bey ſich fuͤhret, vermittelſt weſſen der
478 428 2630 521 Accord d, f, a, c mit dem vorhergehenden c, e, g, c, worinnen dieſes
482 514 2631 612 c vorhanden iſt, verbunden wird. Ferner iſt dieſer Accord d, f a, c
483 606 2630 798 eisentlich nichts anders, als der umgekehrte oder verſetzte Accord
480 715 1839 794 f, a, c, d.
1453 771 1696 869 §. 105.
484 877 2632 973 Dieſe Art, den Accord der Unterdominante unter zweyerley Ge⸗
481 972 2630 1071 ſtalten vorzuſtellen und zu gebrauchen, wird von dem Hrn. Rameau
482 1058 2631 1158 ein Doppelgebrauch der Diſſonanz genennet. Es iſt derſelbe die
483 1150 2632 1241 Quelle der ſchoͤnſten Veraͤnderungen in der Harmonie, und wir wer⸗
484 1237 2635 1332 den in dem folgenden Capitel ſehen, was fuͤr Vortheile daraus er⸗
482 1340 745 1422 wachſen.
665 1410 2632 1507 Da uͤbrigens dieſer Doppelgebrauch eine Art von Freyheit iſt:
484 1501 2635 1600 ſo muß ſelbiger mit Behutſamkeit ausgeuͤbet werden. Wir haben ge⸗
485 1585 2637 1689 ſehen, daß der Accord d, f, a, c, als umgekehrt von f, a, e, d betrach⸗
485 1674 2637 1779 tet, auf c, e, g, c folgen kann. Aber dieſes kann nicht gegenſeitig
486 1761 2638 1869 geſchehen; und, wenn gleich der Accord c, e, g, c auf f, a, c, d folgen
487 1846 2636 1948 kann: ſo iſt doch nicht daraus zu ſchließen, daß auf den Accord d, f,
488 1939 2640 2044 a, c, als umgekehrt von f, a, c, d betrachtet, der Accord c, e, g, c fol⸗
486 2029 2549 2135 gen koͤnne. Man wird im XVI Cap. die Urſache davon erfahren.
700 2281 2271 2386 Dreyzehntes Capitel.
485 2402 2634 2540 Regeln vom Doppelgebrauche der Diſſonanz.
1418 2559 1708 2680 §. 106.
491 2714 734 2942 W
752 2704 2643 2798 ir haben geſehen (Cap. VI) wie die diatoniſche Leiter von dem
794 2794 2640 2887 Grundbaſſe f, c, g, d, vermittelſt der Wiederholung des
794 2878 2638 2979 Tons g in der Mitte, formiret wird, und daß ſolche urſpruͤng⸗
489 2970 2635 3072 lich aus zweyen aͤhnlichen Tetrachorden zuſammengeſetzet iſt, wovon das
484 3058 2636 3150 eine in dem Tone c, das andre in dem Tone g zu Hauſe iſt. Man
486 3145 2637 3246 kann anitzt, vermittelſt des Doppelgebrauchs der Diſſonanz, den
2497 3235 2633 3305 Ein⸗
