2973 3627
733 213 2224 307 1Buch. vVI Cap. Von der Temperatur.
2457 235 2525 300 33
1387 364 1597 446 §. 70.
580 461 2524 550 Dieſe Aufgabe aufzuloͤſen, faͤnget man an, die beyden c, als ei⸗
413 553 2522 641 ne Octave, vollkommen rein abzuſtimmen. Nach dieſem muß man
410 640 2523 728 alle halbe Toͤne, woraus die Octave beſteht, ſo gleich als nur moͤg⸗
413 728 2519 822 lich iſt, gegen einander machen. Hierdurch ) geſchieht es, daß alle
2319 817 2520 888 Quin⸗
482 946 2518 1019 u) Da in der von dem Hrn. Ra⸗ machen. Um alſo den Werth eines jeden
412 1027 2520 1098 meau vorgeſchlagenen Temperatur alle Tons in dieſer Temperatur vermittelſt des
411 1108 2518 1179 halbe Toͤne einander gleich ſind: ſo fol⸗ Calculi zu finden, koͤmmt die Sache dar⸗
408 1185 2517 1260 get daraus, daß die zwoͤlf halbe Toͤne auf an: zwiſchen den Zahlen 1 und 2
411 1262 2520 1333 c: cis, cis: d, d: dis, u. ſ. w. eilf andre Zahlen zu finden, die mit 1
409 1337 2522 1408 eine ſtetige geometriſche Progreßion for⸗ und 2 eine ſtetige geometriſche Progreßion
408 1416 2477 1486 miren werden, d. i. eine Folge, worinnen formiren.
408 1491 2519 1562 ſich c: cis eben ſo verhaͤlt, wie cis: d, Wer nur ein wenig mit dem Calculo
409 1569 2518 1640 wie d: dis, wie dis: e, und ſo weiter. umzugehen weis, wird dieſe Zahlen oder
1494 1640 2518 1707 wenigſtens den naͤchſten Werth der⸗
483 1721 2517 1794 Dieſe zwoͤlf halbe Toͤne werden ver⸗ ſelben leichtlich finden. Man ſehe da⸗
407 1796 2513 1868 mittelſt einer Reihe von dreyzehn Toͤnen von folgende Vorſtellung, die die Ma⸗
407 1876 2511 1950 formiret, wovon der Anfangston c und thematiker leicht erkennen werden, an⸗
406 1947 2296 2023 die Octave c den erſten und lezten aus⸗ dre aber uͤbergehen koͤnnen (19.
666 2059 2112 2139 C Cisd dise f fis g gis
837 2169 2087 2211 12 12 I2 12 I2 12 12 12
721 2213 2409 2294 1 2 7 3 8
994 2339 2007 2407 a h e
855 2439 2022 2483 12 12 12 12
969 2497 1666 2564 ꝰ 7i0 7 7*.
481 2617 2513 2691 Der Augenſchein giebet es, daß alle ne Kleinigkeit, die kaum in Betracht
408 2697 2270 2765 Quinten in dieſer Temperatur, eine ſo koͤmmt, erniedriget wird. (20).
407 2771 2521 2845 viel als die andre, veraͤndert ſind. Es iſt wahr, daß die großen Terzen
406 2846 2507 2921 Man wird annoch bemerken, daß ſie al⸗ etwas mehr veraͤndert ſeyn werden.
406 2927 2504 2995 le es nur ein wenig ſind; denn man wird Denn die große Terz c: e wird z. E.
404 3003 2504 3081 z. E. finden, daß die Quinte c: g, wel⸗ um s zu groß ſeyn (a. Aber es iſt
405 3077 2502 3154 che 4 ſeyn ſollte, ungefaͤhr um , aus beßer, daß die Veraͤnderung die Terzen
406 3159 2500 3233 7r, das iſt r, und alſo nur um ei⸗ trift, als die Quinten, indem, nach der
481 3228 2499 3311 Einleit. in die muſic. Setzk. E Octave
482 946 1438 1019 u) Da in der von dem Hrn. Ra⸗
412 1030 1435 1098 meau vorgeſchlagenen Temperatur alle
411 1108 1436 1179 halbe Toͤne einander gleich ſind: ſo fol⸗
408 1186 1436 1260 get daraus, daß die zwoͤlf halbe Toͤne
411 1263 1431 1333 c: cis, cis: d, d: dis, u. ſ. w.
409 1341 1443 1408 eine ſtetige geometriſche Progreßion for⸗
408 1420 1432 1485 miren werden, d. i. eine Folge, worinnen
408 1494 1430 1562 ſich c: cis eben ſo verhaͤlt, wie cis: d,
409 1574 1432 1633 wie d: dis, wie dis: e, und ſo weiter.
483 1722 1432 1794 Dieſe zwoͤlf halbe Toͤne werden ver⸗
407 1796 1431 1867 mittelſt einer Reihe von dreyzehn Toͤnen
407 1877 1430 1950 formiret, wovon der Anfangston c und
406 1952 1428 2018 die Octave c den erſten und lezten aus⸗
1497 948 2518 1014 machen. Um alſo den Werth eines jeden
1499 1027 2520 1096 Tons in dieſer Temperatur vermittelſt des
1497 1108 2518 1174 Calculi zu finden, koͤmmt die Sache dar⸗
1495 1185 2517 1249 auf an: zwiſchen den Zahlen 1 und 2
1496 1262 2520 1327 eilf andre Zahlen zu finden, die mit 1
1492 1337 2522 1406 und 2 eine ſtetige geometriſche Progreßion
1495 1416 2477 1479 formiren.
1571 1491 2519 1557 Wer nur ein wenig mit dem Calculo
1494 1569 2518 1637 umzugehen weis, wird dieſe Zahlen oder
1494 1640 2518 1707 wenigſtens den naͤchſten Werth der⸗
1496 1721 2517 1785 ſelben leichtlich finden. Man ſehe da⸗
1491 1797 2513 1868 von folgende Vorſtellung, die die Ma⸗
1493 1876 2511 1947 thematiker leicht erkennen werden, an⸗
1489 1947 2296 2021 dre aber uͤbergehen koͤnnen (9.
481 2618 1428 2691 Der Augenſchein giebet es, daß alle
408 2698 1427 2765 Quinten in dieſer Temperatur, eine ſo
407 2771 1427 2845 viel als die andre, veraͤndert ſind.
406 2850 1428 2921 Man wird annoch bemerken daß ſie al⸗
406 2932 1422 2992 le es nur ein wenig ſind; denn man wird
404 3006 1422 3081 z. E. finden, daß die Quinte c: g, wel⸗
405 3082 1421 3154 che ſeyn ſollte, ungefaͤhr um , aus
406 3163 1419 3233 , das iſt , und alſo nur um ei⸗
1490 2617 2513 2689 ne Kleinigkeit, die kaum in Betracht
1491 2697 2270 2754 koͤmmt, erniedriget wird. (20.
1565 2771 2521 2841 Es iſt wahr, daß die großen Terzen
1485 2846 2507 2913 etwas mehr veraͤndert ſeyn werden.
1488 2927 2504 2995 Denn die große Terz c: e wird z. E.
1482 3003 2504 3069 um s zu groß ſeyn (2). Aber es iſt
1483 3077 2502 3150 beßer, daß die Veraͤnderung die Terzen
1482 3159 2500 3233 trift, als die Quinten, indem, nach der
481 3226 1278 3311 Einleit. in die muſic. Setzk.
1715 3228 1766 3298 E
2324 3234 2499 3290 Octave
