2973 3669
890 198 2203 298 ABuch. Xllt Cap. Den Grundbaß
660 356 2614 448 Man gebe auf die Nebentonarten Acht, das iſt, auf die beyden
649 442 2619 534 Quinten, welche in c die Toͤne g und f, und in a die Toͤne e
653 535 2617 624 und d ſind. Wenn ich zum Exempel einen Geſang mit Noten
650 623 2618 713 angefangen habe, welche ſowohl zu c als a an ſich gehoͤren koͤn⸗
651 711 2620 802 nen, und hernach der Ton g erſcheinet, welches ich durch die ton⸗
658 725 2619 893 e eerer
656 886 2618 981 f erſcheinet, welches ich an der vorkommenden Note b wiſſen
660 975 2620 1066 kann: ſo faͤllt der Schluß, daß ich in c angefangen habe. Wenn
651 1065 2620 1153 ich aber in den Ton d oder e gerathe, welches ich an den Noten
655 1148 2620 1240 b oder cis, oder dis wiſſen kann: ſo ſchließe ich daraus, daß ich
660 1247 1332 1331 in a angefangen habe.
694 1365 2627 1451 Eine Tonart hoͤret gewoͤhnlicher Weiſe nur deswegen auf, be⸗
663 1455 2627 1544 ſonders zum Anfange eines Stuͤcks, damit eine andre verwandte
661 1542 2626 1625 Tonart, oder ein verwandter Ton zum Vorſchein komme, und
663 1631 2627 1716 dieſe verwandten Toͤne ſind die Oberquinte und die Unterterz.
667 1715 2630 1807 So ſind z. E. die naͤchſten Tonarten von c dur, die Toͤne g dur
666 1806 2627 1888 und a moll. Man gehet ordentlicher Weiſe aus dem c in den einen
671 1894 2625 1974 oder andern dieſer Toͤne, und man kann folglich oͤfters den Ton
667 1979 2629 2061 worinnen man iſt, aus der folgenden oder vorhergehenden Ne
674 2065 2632 2151 bentonart beurtheilen, wenn dieſe Neben⸗ oder anverwandte Ton⸗
670 2154 2629 2243 art naͤmlich genugſam unterſchieden iſt. Uebrigens giebet es
671 2244 2629 2330 außer dieſen zwoen verwandten Tonarten noch zwo andre, wor⸗
674 2332 2629 2421 ein man, obwohl ſeltner, aus dem Haupttone ausweichen kann,
671 2416 2639 2507 naͤmlich die Unterquinte und die Oberterz, zum Exempel f
676 2509 2596 2586 und e in c dur.
649 2618 2633 2704 Man kann aus den Ruhepuncten des Geſanges annoch den
678 2706 2632 2795 Ton erkennen. Dieſe Ruhepuncte oder Abſaͤtze muͤſſen von zween
675 2798 2641 2889 zu zween Tacten, oder wenigſtens von vier zu vier erſcheinen, wie
677 2886 2636 2973 in dem Grundbaſſe. Die zu dieſen Ruhepuncten gehoͤrige
678 2975 2634 3062 Grundbaßnote iſt nun leicht zu finden. Man kann ſehen, was
680 3062 2634 3150 der Herr Rameau (in ſeinem nouveau Syſteme de Muſique
685 3152 2441 3231 théorique et pratique, Seite 54) davon ſaget.
2441 3238 2641 3312 Wenn
