2973 3638
656 201 2306 301 Buch. I. Cap. Von der Tonart uͤberhaupt.
2452 235 2530 296 9
1381 357 1576 444 §. 37.
421 436 2526 530 :Und weil die Tonec und d, vermoͤge der erſten Erfahrung,
415 529 2527 616 natuͤrlicher Weiſe die vollkommenen harten Accorde oder große har⸗
414 617 2527 704 moniſchen Vierklaͤngee: e: g: c und d: fis: a: d, mit ſich fuͤh
414 707 2524 793 ren: ſo entſpringet hieraus dieſe Regel: daß zween vollkommene
415 789 2521 877 Accorde, beſonders, wenn ſie groß ſind ), in einem Grund⸗
411 877 2519 967 baße nicht in diatoniſcher Ordnung, auf einander folgen koͤn⸗
408 969 2521 1053 nen, das iſt, daß man in einem Grundbaße nicht zween Toͤne hinter
408 1056 2521 1138 einander gebrauchen kann, wovon ein jeder den harmoniſchen Vier⸗
412 1138 2413 1231 klang hat, beſonders, wenn beyde Vierklaͤnge groß oder hart ſind.
1097 1397 1837 1483 Viertes Capitel.
785 1529 2157 1658 Von der Tonart uͤberhaupt.
1358 1709 1563 1787 §. 38.
399 1800 597 2019 D
602 1799 2513 1886 urch Tonart, (Modus) verſtehet man nichts anders, als
641 1891 2515 1973 eine gewiſſe, vermittelſt der Progreßion der Quinten, ſowohl
642 1979 2517 2059 in der Harmonie als Melodie, unter den Toͤnen feſtgeſtellte
402 2060 2513 2150 Ordnung. Alſo machen die drey Toͤne f: c: g, und die harmo⸗
403 2145 2515 2237 niſchen Toͤne derſelben, d. i. ihre große Terzen und Quinten, die
396 2240 1232 2322 ganze große Tonart c aus.
1559 2327 2510 2412 C2 §. 39.
400 2452 2530 2528 gen: ſo erklinget das a in f. Aber die⸗ Terz machet, annoch das fis, welches
399 2534 2511 2602 ſes a oder die Doppeloctave davon, iſt mit dem c eine falſche Quinte machet.
400 2606 2509 2682 die reine große Terz von f, und macht Der weiche Vierklang d: f: a: d
402 2684 2509 2760 mit dem c eine vollkommen reine kleine wuͤrde ertraͤglicher ſeyn; weil das darin⸗
401 2762 2509 2836 Terz. Alſo entſtehet nicht diejenige Un⸗ nen vorhandene natuͤrliche f, die Quinte
396 2842 2508 2911 gleichheit, die ſich bey der Folge der Toͤ⸗ c, oder vielmehr die Octave dieſer Quin⸗
401 2915 2506 2984 ne c und d findet. te, mit ſich fuͤhret. Aus dieſer Urſache
471 2990 2507 3067 ) Jch ſage beſonders, wenn ſie nimmt man ſich auch manches mal die
399 3068 2506 3148 groß ſind; denn in dem harten Vier⸗ Freyheit, auf einen harten Vierklang
392 3149 2505 3220 klange d: fis: a: d, findet man außer einen weichen in diatoniſcher Ordnung
391 3226 1872 3302 dem a, welches mit c eine alterirte kleine folgen zu laßen.
400 2452 1424 2528 gen: ſo erklinget das a in f. Aber die⸗
399 2534 1426 2602 ſes a oder die Doppeloctave davon, iſt
400 2606 1424 2677 die reine große Terz von f, und macht
402 2688 1424 2746 mit dem c eine vollkommen reine kleine
401 2765 1423 2832 Terz. Alſo entſtehet nicht diejenige Un⸗
396 2842 1421 2911 gleichheit, die ſich bey der Folge der Toͤ⸗
401 2917 872 2980 ne c und d findet.
471 2990 1420 3067 ) Jch ſage beſonders, wenn ſie
399 3071 1418 3148 groß ſind; denn in dem harten Vier⸗
392 3149 1420 3220 klange d: fis: a: d, findet man außer
391 3226 1419 3298 dem a, welches mit c eine alterirte kleine
1488 2456 2530 2528 Terz machet, annoch das fis, welches
1487 2537 2511 2602 mit dem c eine falſche Quinte machet.
1487 2610 2509 2682 Der weiche Vierklang d: f: a: d
1486 2684 2509 2760 wuͤrde ertraͤglicher ſeyn; weil das darin⸗
1486 2762 2509 2836 nen vorhandene natuͤrliche f, die Quinte
1486 2844 2508 2908 c, oder vielmehr die Octave dieſer Quin⸗
1485 2915 2506 2984 te, mit ſich fuͤhret. Aus dieſer Urſache
1485 2997 2507 3060 nimmt man ſich auch manches mal die
1482 3068 2506 3141 Freyheit, auf einen harten Vierklang
1484 3151 2505 3218 einen weichen in diatoniſcher Ordnung
1482 3227 1872 3302 folgen zu laßen.
