2973 3620
931 155 2558 279 Anmerrungen des Ueberſetzers. 135
410 313 2557 395 Die Exempel bey (c) muͤſſen im Grunde ebenfalls auf folgende Art beſchaf⸗
409 403 2496 479 fen ſeyn:
417 1076 2554 1174 und bey allem dem iſt der Satz nicht ſonderlich. Die zuſammen anſchlagende
415 1173 2552 1250 Sexte und Quinte kann mit nichts anderm, als der vorgedachten Anticipation
414 1260 975 1331 entſchuldiget werden.
569 1347 2554 1448 (4) Die zweyte Note kann entweder eine toniſche Note ſeyn, als bey (a)
415 1446 2558 1529 in dem folgenden Exempel; oder eine toniſche Dominante, wie bey (b); oder
415 1517 2515 1602 eine ſimple Dominante, wie bey (c); oder eine Unterdominante, wie bey (d).
419 2200 2555 2286 Bey dem zweyten Exempel bey (b) hat auch eine Anticipatio Tranſitus ſtatt,
421 2280 2476 2366 obgleich die Folge der Saͤtze auf dieſe Art im galanten Styl ausgeuͤbet wird.
569 2395 2556 2480 (42) Wenn der Baß eine Secunde aufwaͤrts gehet, ſo kann die folgende
419 2474 2555 2556 Note eine toniſche Dominante werden, wie bey (a); oder eine ſimple Domi⸗
422 2563 1064 2640 nante, wie bey (b), als:
1167 2921 1679 2996 (a) (b)
