2973 3695
483 212 520 266 2
1293 200 1868 292 Vorbereitung.
1463 352 1653 433 §. 3.
665 432 2637 540 Sowohl in der Melodie als Harmonie, wird der Unterſcheid
486 534 2509 625 zwiſchen einem hoͤhern und tiefern Tone ein Jntervall genennet.
1456 662 1721 767 §. 4.
612 742 2637 847 Die Jntervalle kennen und unterſcheiden zu lernen, wollen wir
486 844 2638 936 die gewoͤhnliche Tonleiter c. d. e. f. g. a. h. c. vor uns nehmen, welche
486 933 2639 1020 jedermann natuͤrlicher Weiſe anſtimmet, woferne Ohr und Stimme
486 1021 2531 1111 nicht gar zu traͤge oder falſch ſind. Wir bemerken bey derſelben:
562 1121 2638 1217 Daß der Ton d hoͤher oder feiner, als der Ton c iſt; daß e hoͤher
549 1210 2622 1275 als d, und f hoͤher als e iſt, u. ſ. w.
573 1289 2636 1390 Daß folglich der Unterſcheid zwiſchen c und d geringer, als der zwi⸗
667 1386 2639 1483 ſchen c und e iſt; daß der Unterſcheid zwiſchen c und e geringer,
669 1472 1736 1558 als der zwiſchen c und f iſt, u. ſ. w.
575 1562 2640 1657 Kurz, daß endlich der Unterſcheid zwiſchen dem erſten und letzten
662 1651 2632 1735 c der groͤßte Unterſcheid von allen iſt.
1452 1778 1662 1858 §. 5.
582 1867 2635 1965 Ueberhaupt iſt ein Jntervall oder der Unterſcheid zwiſchen zweenen
490 1961 2640 2054 Toͤnen um ſo viel groͤßer, als einer von dieſen Toͤnen feiner oder groͤ⸗
492 2050 2638 2143 ber in Anſehung des andern iſt. Aber es iſt wohl zu merken, daß
491 2138 2639 2227 zween Toͤne gleich hoch oder gleich tief ſeyn koͤnnen, wenn ſie ſchon von
484 2224 2641 2324 ungleicher Staͤrke ſind. Eine Seyte auf der Violine klinget allezeit
491 2314 2641 2411 gleich hoch oder gleich tief, man mag ſie ſtark oder ſchwach beruͤhren.
491 2398 2639 2493 Der Ton wird nur mehr oder weniger ſtark ſeyn. Eben ſo verhaͤlt
493 2492 2637 2578 es ſich mit der Stimme. Man gebe einen Ton an, und dehne die
496 2576 2637 2676 Stimme allmaͤhlich aus. Man wird befinden, daß der Ton zwar
484 2666 2462 2757 an Staͤrke wachſen, aber allezeit gleich hoch oder tief ſeyn wird.
1460 2794 1664 2867 §. 6.
673 2888 2637 2979 Wir wollen bey der Tonleiter annoch bemerken, daß die Jnter⸗
494 2977 2636 3072 vallec: d, d: e, f: g, g: a, a: h, einander gleich oder beynahe gleich
488 3065 2639 3163 ſind; und daß die Jntervalle e: f, und h: c, auch einander gleich
489 3154 2638 3245 ſind; daß dieſe aber nur ohngefaͤhr halb ſo viel als die vorhergehenden
496 3244 2633 3339 betragen. Dieſer Umſtand iſt aller Welt bekannt. Wir werden
2575 3353 2635 3419 in
