2973 3612
1139 186 1807 300 des Grundbaſſes.
2412 205 2551 312 99
376 344 2570 792 Terzen beſtehet, und die tonbezeichnende Note gis, zu ſeiner Grund⸗
376 344 2570 792 note hat. Es wird derſelbe ein Accord der verminderten Septi⸗
376 344 2570 792 me genennet, und allezeit fuͤr einen die Stelle des Septimenaccords
376 344 2570 792 von der toniſchen Dominante e, gis, h, d, vertretenden Accord
376 344 2570 792 gehalten.
1315 804 1637 899 §. 222.
395 918 2601 1107 Vermittelſt der Umkehrung giebet dieſer Accord der verminderten
395 918 2601 1107 Septime folgende Saͤtze. Solche ſind:
458 1145 2545 2021 1) Der Accord h, d, f, gis, welcher aus einer kleinen Terz,
458 1145 2545 2021 falſchen Quinte, und großen Sexte beſtehet, und welchen man
458 1145 2545 2021 durch 6♯ und 5 anzeiget.
458 1145 2545 2021 2) Der Accord d, f, gis, h, welcher aus einer kleinen Terz,
458 1145 2545 2021 uͤbermaͤßigen Quarte und großen Sexte beſtehet, und durch 4♯
458 1145 2545 2021 und 3 bezeichnet wird.
458 1145 2545 2021 3) der Accord f, gis, h, d, welcher aus einer uͤbermaͤßigen
458 1145 2545 2021 Secunde, uͤbermaͤßigen Quarte und großen Sexte beſtehet, und
458 1145 2545 2021 durch 2♯ bezeichnet wird.
1315 2084 1631 2198 §. 223.
388 2217 2564 2589 Wenn man bey dieſem Accorde die Unterſchiebung anbringen
388 2217 2564 2589 will: ſo muß man dazu die Unterterz und Unterquinte von der toni⸗
388 2217 2564 2589 ſchen Dominante, und folglich allhier c und a nehmen, weil der Accord
388 2217 2564 2589 gis,h, d, f, naͤmlich den Accord e, gis, h, d, vorſtellet.
471 2614 2551 3207 1) Wenn man c hinzufuͤget: ſo entſtehet ein aus der Quarte oder
471 2614 2551 3207 Undecime, der uͤbermaͤßigen Quinte, Septime und Note beſte⸗
471 2614 2551 3207 hender Accord, naͤmlich c, f, gis, h, d, welchen man mit
471 2614 2551 3207 9,5 t und 4 bezeichnet.
471 2614 2551 3207 2) Wenn man a hinzufuͤget: ſo entſtehet der Accord a, gis, h,
471 2614 2551 3207 d, f, oder a, h, d, f, gis, welcher aus der None, Septi⸗
1581 3189 2537 3286 N 2me,
