2973 3678
455 204 575 257 I0
893 171 2197 266 IBuch. XII Cap. Den Grundbaß
470 321 2631 434 wird gut ſeyn, der nach den davon gegebenen Regeln (Cap. VJ.) for⸗
468 421 2633 515 miret iſt, und worinnen die Diſſonanzen, die darinnen vorkommen, ge⸗
467 503 2634 614 hoͤrig vorbereitet und aufgeloͤſet ſind ).
1444 643 1678 722 §. 239.
642 731 2630 831 Es iſt bey der Suchung des Grundbaſſes ſehr nuͤtzlich, zu wiſſen,
465 827 2628 922 in was fuͤr einem Tone oder einer Tonart der Geſang iſt. Die Ur⸗
463 916 2628 1016 ſache davon wird man weiter unten ſehen. Es iſt aber ſchwer, allge⸗
463 1004 2627 1093 meine und keiner Ausnahme faͤhige Regeln davon zu geben, und nichts
448 1094 2625 1190 der Willkuͤhr zu uͤberlaſſen, weil man oͤfters den Geſang in dieſen oder
448 1182 2627 1281 jenen Ton, wie man will, hinlenken kann. So kann z. E. der Geſang
463 1273 2626 1374 g c allen den Dur- und Molltoͤnen, worinnen gc vorkommen, zuge⸗
462 1359 2626 1458 hoͤren, und ſeine Harmonie daher erborgen, außer daß ein jeder dieſer
459 1450 2492 1532 Toͤne fuͤr ſich verſchiedenen Toͤnen und Tonarten zugehoͤren kann.
1414 1583 1659 1654 §. 240.
606 1660 2626 1771 Jndeſſen brauchet man aus folgenden zwoen Urſachen nicht alle⸗
463 1771 2255 1853 zeit den Ton aufs genaueſte zu wiſſen.
522 1854 2626 1954 1) weil dadurch, daß einerley Toͤne verſchiedenen Modis oder Ton⸗
641 1943 2623 2020 arten zuaehoͤren koͤnnen, die Tonart oder der Ton unterweilen
2506 2027 2620 2114 ſehr
459 2133 2542 2225 nen, als die vorhergehende Erklaͤrung Wenn Been am Schluͤſſel
459 2222 2198 2308 giebet, iſt unrichtig und fehlerhaft. ſtehen.
479 2297 2618 2383 Jn Anſehung der Transpoſition im Sprecht f, h, e, a, d, g, und veraͤn⸗
460 2377 2619 2463 Singen deucht mich folgende Regel ſim⸗ dert f in c, wenn ein Be am Schluͤſſel
450 2458 2618 2542 pler und faßlicher, als die gewoͤhnliche, ſtehet; h in c, wenn zwey Been vor⸗
455 2538 2620 2624 zu ſeyn. kommen; e in c, wenn drey vorkom⸗
1314 2620 2258 2688 k... men, u. ſ. w.
518 2651 2618 2815 wenn Be n Schluſſe oo) Dia nea i ſ vichig da
1109 2774 2614 2841 ſie anfs ſtrengſte beobachtet werden muß.
459 2850 2616 2937 Sprecht g, a, d, e, h, f, und veraͤn⸗ Die Redensarten: in einer Tonart
458 2928 2614 3016 dert g in c, wenn ein Kreuz am Schluͤſ⸗ ſeyn, oder in einem Cone ſeyn;
461 3008 2626 3088 ſel ſtehet; d in c, wenn zwey Kreuze ferner in eine Tonart gehen, oder
457 3087 2614 3170 vorkommen; a in c, wenn drey vorkom⸗ in einen Ton gehen, c. ꝛc. ſind all⸗
458 3164 2194 3251 men, u. ſ. w. hier gleichguͤltig.
459 2149 1501 2225 nen, als die vorhergehende Erklaͤrung
459 2234 1345 2308 giebet, iſt unrichtig und fehlerhaft.
479 2308 1501 2383 Jn Anſehung der Transpoſition im
460 2385 1500 2463 Singen deucht mich folgende Regel ſim⸗
450 2464 1502 2544 pler und faßlicher, als die gewoͤhnliche,
455 2555 651 2624 zu ſeyn.
518 2651 1334 2730 Wenn Kreuze am Schli
872 2651 1484 2809 z ohc.
459 2851 1498 2937 Sprecht g, a, d, e, h, f, und veraͤn⸗
458 2932 1498 3016 dert g in c, wenn ein Kreuz am Schluͤſ⸗
461 3018 1499 3088 ſel ſtehet; d in c, wenn zwey Kreuze
457 3092 1499 3170 vorkommen; a in c, wenn drey vorkom⸗
458 3180 1080 3251 men, u. ſ. w.
1657 2133 2542 2216 Wenn Been am Schluͤſſel
1835 2222 2198 2296 ſtehen.
1576 2302 2618 2377 Sprecht f, h, e, a, d, g, und veraͤn⸗
1575 2377 2619 2454 dert f in c, wenn ein Be am Schluͤſſel
1578 2458 2618 2527 ſtehet; h in c, wenn zwey Been vor⸗
1577 2538 2620 2603 kommen; e in c, wenn drey vorkom⸗
1578 2620 2258 2681 men, u. ſ. w.
1598 2681 2615 2764 ooo) Dieſe Regel iſt ſo wichtig, daß
1575 2774 2614 2841 ſie anfs ſtrengſte beobachtet werden muß.
1655 2850 2616 2913 Die Redensarten: in einer Tonart
1576 2928 2614 3005 ſeyn, oder in einem Cone ſeyn;
1575 3008 2626 3083 ferner in eine Tonart gehen, oder
1576 3087 2614 3163 in einen Ton gehen, c. ꝛc. ſind all⸗
1577 3164 2194 3239 hier gleichguͤltig.
