2973 3582
2394 206 2516 266 o9
454 419 2322 561 Dreyzehntes Capitel.
416 563 2494 714 Den Grundbaß zu einem gegebenen Geſange
419 713 2328 816 zu finden.
1338 879 1594 960 §. 238.
403 987 603 1208 D
609 983 2524 1072 a wir die Regeln des Grundbaſſes, und die, welche die Ober⸗
630 1072 2525 1157 ſtimme in Anſehung dieſes Baſſes zu beobachten hat, auf eine
403 1158 2525 1246 ſehr geringe Anzahl eingeſchraͤnket haben: ſo wird es keine
413 1243 2527 1333 Schwierigkeit mehr ſetzen, den Grundbaß zu einem gegebenen Geſange,
399 1328 2525 1423 ja ofters mehr als einen dazu zu finden. Denn jeder Grundbaß
409 1547 2527 1630 d in c, h in a, und ſo weiter verwan⸗ Fuͤnf Been, als b, es, as, des,
410 1626 2527 1704 delt. und ges, bezeichnen des dur, oder b
489 1701 2527 1783 Drey Kreuze, fis, cis und gis, be⸗ moll. Das ges wird zu f, das des
409 1785 2501 1855 zeichnen entweder a dur oder fis moll. zu c, u. ſ. w.
401 1850 2527 1944 Gis, als das letzte Kreuz, veraͤndert Vier Been, als b, es, as, und
403 1929 2529 2005 ſich alsdenn in h, und folglich a in c, des, bezeichnen as dur, oder f moll.
406 2007 2377 2083 und fis in a, u. ſ. w. Des wird zu f, as zu c, u. ſ.w.
487 2084 2527 2162 Vier Kreuze, fis, cis, gis und dis, Drey Been, als b, es, und as
408 2153 2527 2239 bezeichnen entweder e dur oder cis moll. bezeichnen es dur oder c moll.
408 2234 2506 2309 Das dis wird zu h, das e zu c,u. ſ.w. As wird zu f, es zu c, u.ſ. w.
483 2306 2529 2393 Fuͤnf Kreuze, fis, cis, gis, dis Zwey Been, als b und es bezeich⸗
406 2385 2526 2465 und ais, bezeichnen entweder h dur nen b dur oder g moll. Es wird zu
406 2462 2502 2548 oder gis moll. Das ais wird zu h, f, b zu c, u. ſ.w.
409 2537 2524 2619 das h zu c, u.ſ.w. Ein Be, als b, bezeichnet f dur
486 2614 2534 2697 Sechs Kreuze, fis, cis, gis, oder d moll. Aus b wird f, aus f
411 2702 2448 2772 dis, ais und eis, bezeichnen entweder wird c, u. ſ. w.
409 2772 2524 2851 fis dur oder dis moll. Das eis wird Alle große Tonarten koͤnnen alſo auf
408 2846 2521 2928 zu h, das fis zu c, u. ſ. w. c dur, und alle kleine Tonarten auf a
411 2924 2498 3002 Sechs Been, b, es, as, des, moll reduciret werden.
406 3000 2518 3083 ges und ces, bezeichnen entweder ges Die Methode derjenigen, die ein Kreuz
408 3078 2519 3160 dur oder es moll. Ces wird zu f, oder Be weniger am Schluͤſſel vorzeich⸗
408 3155 2515 3237 es zu a, u. ſ.w. nen
409 1555 1431 1690 h in a, und ſo weier verwan
489 1705 1431 1783 Drey Kreuze, fis, cis und gis, be⸗
409 1785 1430 1855 zeichnen entweder a dur oder fis moll.
401 1860 1431 1944 Gis, als das letzte Kreuz, veraͤndert
403 1936 1429 2005 ſich alsdenn in h, und folglich a in c,
406 2016 997 2073 und fis in a, u. ſ. w.
484 2067 1429 2162 Vier Kreuze, fis, cis, gis und dis,
408 2164 1427 2233 bezeichnen entweder e dur oder cis moll.
408 2244 1425 2304 Das dis wird zu h, das e zu c,u. ſ.w.
483 2313 1427 2393 Fuͤnf Kreuze, fis, cis, gis, dis
406 2393 1429 2465 und ais, bezeichnen entweder h dur
406 2472 1426 2548 oder gis moll. Das ais wird zu h
409 2553 1065 2619 das h zu c, u. ſ.w.
486 2625 1429 2697 Sechs Kreuze, fis, cis, gis,
411 2706 1429 2772 dis, ais und eis, bezeichnen entweder
409 2781 1428 2851 fis dur oder dis moll. Das eis wird
408 2858 1170 2928 zu h, das fis zu c, u. ſ. w.
411 2930 1425 3002 Sechs Been, b, es, as, des,
406 3014 1423 3083 ges und ces, bezeichnen entweder ges
408 3083 1421 3160 dur oder es moll. Ces wird zu f,
408 3167 846 3236 es zu a, u. ſ. w.
1557 1547 2527 1624 Fuͤnf Been, als b, es, as, des,
1507 1626 2527 1704 und ges, bezeichnen des dur, oder b
1509 1701 2527 1781 moll. Das ges wird zu f, das des
1492 1785 2501 1854 zu c, u. ſ. w.
1509 1842 2527 1928 Vier Been, als b, es, as, und
1506 1929 2529 2002 des, bezeichnen as dur, oder f moll.
1505 2007 2377 2073 Des wird zu f, as zu c, u. ſ.w.
1498 2073 2527 2163 Drey Been, als b, es, und as
1505 2153 2527 2239 bezeichnen es dur oder c moll.
1495 2237 2506 2304 As wird zu f, es zu c, u. ſ. w.
1496 2304 2529 2389 Zwey Been, als b und es bezeich⸗
1506 2385 2526 2470 nen b dur oder g moll. Es wird zu
1504 2466 2425 2536 f, b zu c, u. ſ.w.
1512 2536 2524 2615 Ein Be, als b, bezeichnet f dur
1504 2614 2534 2688 oder d moll. Aus b wird f, aus f
1504 2702 2448 2755 wird c, u. ſ. w.
1522 2767 2524 2842 .Alle große Tonarten koͤnnen alſo auf
1502 2846 2521 2924 c dur, und alle kleine Tonarten auf a
1501 2924 2498 2991 moll reduciret werden.
1507 2992 2518 3072 Die Metbode derjenigen, die ein Kreuz
1498 3078 2519 3149 oder Be weniger am Schluͤſſel vorzeich⸗
2434 3166 2515 3206 nen
