2973 3638
793 208 2116 304 1Buch. I Cap. Von Erfahrungen.
2469 235 2530 296 13
417 354 2526 450 den Toͤne vermiſchen ſich bey nahe ganz und gar im Gehoͤre, wenn
418 453 2521 540 man ſie zuſammen anſchlaͤget. Man kann hiervon durch folgende zween
415 535 1934 625 ſimple Umſtaͤnde ganz deutlich uͤberfuͤhret werden.
503 626 2519 714 Erſter Umſtand. Jch ſetze, daß man ein Lied ſingen will, und
585 714 2526 799 daß, wenn man den Ton dazu entweder zu hoch oder zu tief
590 802 2518 888 fuͤr ſeine Stimme genommen hat, man verbunden iſt, um ſich
590 889 2519 975 nicht zu ſtark anzugreiffen, den Ton dieſes Liedes hoͤher oder
586 976 2522 1060 tiefer, als vorher, zu nehmen. Jch ſage, daß man, ohne die
582 1062 2517 1149 geringſte Kaͤnntniß von der Muſik zu haben, dieſen neuen Ton
554 1153 2514 1231 entweder in der Unter⸗ oder Oberoctave des erſtern Tons neh⸗
551 1240 2511 1327 men wird; und daß, wenn man den Ton zu dem Liede anders,
583 1326 2512 1410 als eine Octave hoͤher oder tiefer nehmen will, man hiezu Ueber⸗
578 1413 2511 1497 legung gebraucht. Dieſes Umſtandes kann man ſich vermittelſt
570 1501 1623 1582 der Erfahrung leicht vergewißern.
486 1583 2507 1670 Andrer Umſtand. Es ſoll eine Perſon ein Lied, und zwar ent⸗
569 1668 2509 1756 weder zu hoch oder zu tief fuͤr unſre Stimme, vor uns ſingen.
566 1756 2506 1841 Wollen wir mit dieſer Perſon mitſingen: ſo werden wir natuͤr⸗
563 1843 2506 1926 licher Weiſe ſolches entweder in der Ober- oder Unteroctave
564 1930 2505 2025 thun; und oͤfters werden wir den Einklang zu ergreiffen glau⸗
565 2021 2267 2111 ben, wenn wir den Ton in der Octade nehmen. ()
1493 2089 2510 2194 B3Zweytes
386 2236 2499 2315 anitzo ſehen, wie man den numeriſchen man die beyden Zaͤhler zufoͤrderſt, und
384 2318 2501 2387 Ausdruck eines Tons finden kann, wenn hernach die beyden Nenner durch einander
382 2393 1938 2464 man ſeine Differenz oder Proportion ge⸗ multipliciret, als:
378 2467 2207 2564 e'nen andern gegebenen und mit Zah 5
376 2490 2080 2655 zerere 24
457 2598 2073 2700 Zum Exempel. Win ſetzen, daß man
376 2703 2489 2778 die große Terz zu der Quinte ſuchet. Hieraus entſteht der neue Bruch .
376 2781 2491 2855 Dieſe große Terz muß, nach dem was Man wird auf gleiche Art finden, daß
376 2857 2487 2929 oben geſagt iſt, von der uinte ent⸗ die Quinte von der Quinte iſt, weil die
374 2936 2456 3006 halten; denn die große Terz eines jeden Quinte von der Quinte aus iſt (8).
373 3010 2484 3084 Tons iſt ſo viel als dieſes Tons. Man e) Man kann alſo nicht ſagen, daß
372 3088 2481 3163 muß alſo einen Bruch ſuchen, der die der Werth eines Tons veraͤndert wird,
373 3163 2482 3238 aus ausdruͤcke. Dieſes geſchieht, wenn wenn man die Zahl, wodurch derſelbe
386 2236 1408 2307 anitzo ſehen, wie man den numeriſchen
384 2318 1407 2379 Ausdruck eines Tons finden kann, wenn
382 2393 1408 2459 man feine Differenz oder Proportion ge⸗
378 2467 1406 2541 gen einen andern gegebenen und mit Zah⸗
376 2546 1392 2608 len bemerkten Ton kennet.
457 2626 1405 2700 Zum Exempel. Wir ſetzen, daß man
376 2703 1402 2773 die große Terz zu der Quinte fuchet.
376 2781 1405 2848 Dieſe große Terz muß, nach dem was
376 2857 1401 2928 oben geſagt iſt, von der Quinte ent⸗
374 2936 1398 3006 halten; denn die große Terz eines jeden
373 3010 1397 3077 Tons iſt ſo viel als dieſes Tons. Man
372 3088 1396 3157 muß alſo einen Bruch ſuchen, der die
373 3163 1396 3238 aus ausdruͤcke. Dieſes geſchieht, wenn
1473 2240 2499 2315 man die beyden Zaͤhler zufoͤrderſt, und
1473 2322 2501 2387 hernach die beyden Nenner durch einander
1472 2396 1938 2464 multipliciret, als:
1468 2703 2489 2778 Hieraus entſteht der neue Bruch .
1466 2783 2491 2855 Man wird auf gleiche Art finden, daß
1466 2860 2487 2929 die Quinte von der Quinte Z iſt, weil die
1463 2937 2456 3004 Quinte von der Quinte aus iſt (8).
1540 3002 2484 3084 e) Man kann alſo nicht ſagen, daß
1460 3090 2481 3163 der Werth eines Tons veraͤndert wird,
1460 3167 2482 3238 wenn man die Zahl, wodurch derſelbe
2375 3261 2481 3303 vor⸗
