2973 3744
429 213 585 291 0
683 179 2405 291 1Buch. V Cap. Von der Tonart uͤberhaupt.
1437 330 1691 429 §. 39.
425 402 2665 884 Es kann alſo durch den Grundbaß oder die Fortſchreitung f: e:
425 402 2665 884 g, worinnen das c m der Mitte ſteht, die Tonart c gleichſam abge⸗
425 402 2665 884 bildet werden. Auf eine aͤhnliche Art kann die Tonart g durch den
425 402 2665 884 Grundbaß c: g: d, und die Tonart f durch die Toͤne b: f: e
425 402 2665 884 vorgeſtellet werden.
458 878 2680 1143 Man ſiehet hieraus, daß die Tonart g, oder vielmehr der
458 878 2680 1143 Grundbaß dieſes Modi zween Toͤne mit dem Grundbaße von c ge⸗
458 878 2680 1143 mein hat. Eben die Bewandniß hat es mit der Tonart f.
1412 1137 1696 1235 §. 40.
454 1241 2670 1515 Die Tonartc (f: c: g) wird wegen ihrer beyden Quinten
454 1241 2670 1515 eine Haupttonart genennet. F und g machen zwo Nebenton⸗
454 1241 2670 1515 arten.
1417 1494 1657 1587 §. 4I.
448 1593 2675 2390 Es iſt alſo auf eine gewiſſe Art dem Ohre gleichguͤltig, ob man
448 1593 2675 2390 von der Haupttonart in die eine oder andre Nebentonart geht, weil
448 1593 2675 2390 eine jede Nebentonart ebenfalls zween Tone mit der Haupttonart ge⸗
448 1593 2675 2390 mein hat. Man muß aber dennoch den Modum g etwas vorzuͤgli⸗
448 1593 2675 2390 cher betrachten, weil g in c erklinget, und f nur erzittert, wie ver
448 1593 2675 2390 mittelſt der beyden erſten Erfahrungen klar iſt. Das von der Ton⸗
448 1593 2675 2390 art e geruͤhrte Ohr hat alſo etwas mehrere Neigung gegen g als
448 1593 2675 2390 gegen f. Es iſt auch nichts gewoͤhnlicher und natuͤrlicher, als von e
448 1593 2675 2390 ins g auszuweichen.
1432 2390 1696 2478 §. 42.
473 2478 2674 2840 Aus dieſer Urſache, und um die beyden Quinten von einander
473 2478 2674 2840 zu unterſcheiden, wird die Oberquinte g von c, die dominante oder
473 2478 2674 2840 herrſchende; die Unterquinte f aber die unterdominante oder un⸗
473 2478 2674 2840 terherrſchende genennet.
1451 2825 1720 2928 §. 43.
473 2923 2660 3290 So wie man uͤbrigens, nach Anleitung des vorhergehenden
473 2923 2660 3290 Capitels, in der Fortſchreitung der Quinten verfaͤhrt: ſo kann
473 2923 2660 3290 man auch hier verfahren, und, nachdem man aus dem Tone c in g
473 2923 2660 3290 ausgewichen, alsdenn von g ins d, und von f ins b gehen (1)
2494 3304 2642 3374 Ma
