2973 3744
470 227 554 280 0
704 185 2388 289 1Buch. V Cap. Von der Tonart uͤberhaupt.
1466 345 1674 427 §. 39.
653 431 2635 542 Es kann alſo durch den Grundbaß oder die Fortſchreitung f: e:
475 525 2639 620 g, worinnen das c m der Mitte ſteht, die Tonart c gleichſam abge⸗
475 607 2638 703 bildet werden. Auf eine aͤhnliche Art kann die Tonart g durch den
475 698 2639 793 Grundbaß c: g: d, und die Tonart f durch die Toͤne b: f: e
475 803 1094 880 vorgeſtellet werden.
585 878 2640 983 Man ſiehet hieraus, daß die Tonart g, oder vielmehr der
475 970 2640 1057 Grundbaß dieſes Modi zween Toͤne mit dem Grundbaße von c ge⸗
476 1059 2635 1143 mein hat. Eben die Bewandniß hat es mit der Tonart f.
1449 1137 1685 1232 §. 40.
631 1242 2641 1326 Die Tonartc (f: c: g) wird wegen ihrer beyden Quinten
480 1326 2640 1418 eine Haupttonart genennet. F und g machen zwo Nebenton⸗
482 1428 693 1492 arten.
1446 1508 1650 1587 §. 4I.
662 1595 2644 1683 Es iſt alſo auf eine gewiſſe Art dem Ohre gleichguͤltig, ob man
481 1688 2646 1771 von der Haupttonart in die eine oder andre Nebentonart geht, weil
482 1774 2645 1861 eine jede Nebentonart ebenfalls zween Tone mit der Haupttonart ge⸗
483 1864 2648 1953 mein hat. Man muß aber dennoch den Modum g etwas vorzuͤgli⸗
485 1949 2649 2036 cher betrachten, weil g in c erklinget, und f nur erzittert, wie ver
483 2040 2650 2125 mittelſt der beyden erſten Erfahrungen klar iſt. Das von der Ton⸗
487 2128 2647 2223 art e geruͤhrte Ohr hat alſo etwas mehrere Neigung gegen g als
485 2219 2649 2309 gegen f. Es iſt auch nichts gewoͤhnlicher und natuͤrlicher, als von e
489 2313 1114 2386 ins g auszuweichen.
1462 2399 1677 2478 §. 42.
477 2485 2650 2569 Aus dieſer Urſache, und um die beyden Quinten von einander
487 2574 2648 2662 zu unterſcheiden, wird die Oberquinte g von c, die dominante oder
493 2660 2650 2751 herrſchende; die Unterquinte f aber die unterdominante oder un⸗
495 2754 1298 2839 terherrſchende genennet.
1479 2843 1683 2927 §. 43.
677 2928 2653 3024 So wie man uͤbrigens, nach Anleitung des vorhergehenden
504 3021 2653 3107 Capitels, in der Fortſchreitung der Quinten verfaͤhrt: ſo kann
503 3111 2653 3206 man auch hier verfahren, und, nachdem man aus dem Tone c in g
486 3196 2655 3289 ausgewichen, alsdenn von g ins d, und von f ins b gehen (1)
2496 3307 2642 3368 Ma
