2973 3596
808 194 2117 286 in einem. gegebenen Geſange zu finden.
2418 228 2517 290 113
418 326 2513 435 enn man einmal, vermittelſt der angezeigten verſchiedenen
405 436 2505 528 Mittel, des Tons gewiß iſt: ſo wird es mit dem Grundbaſſe wenig
401 527 2410 612 Schwierigkeit ſetzen.
591 629 2191 713 Denn in jedem Tone giebet es drey Hanpttoͤne, als:
485 725 2504 820 1) Die toniſche Note, oder die Klang⸗ oder Endigungsſeyte,
578 816 2505 907 die allezeit den vollkommenen, harten oder weichen harmoniſchen
576 901 2161 1002 Dreyklang hat, nach Beſchaffenheit der Tonart.
509 1005 2410 1097 Durton. C, e g,c.
689 1097 1996 1189 Mollton. A,c,e, a.
490 1206 2505 1292 2) Die toniſche Dominante, welche die Oberquinte von der to⸗
574 1292 2504 1380 niſchen Note iſt, und welche, es ſey in der harten oder weichen
495 1381 2504 1467 Tonart, allezeit einen, aus der großen Terz, reinen Quinte und
572 1470 2100 1551 kleinen Septime beſtehenden Septimenaccord hat.
909 1586 2503 1710 Toniſche Dominante.
714 1708 2500 1821 in c dur. g, h, d, f.
461 1835 2293 1950 Toniſche Dominante.
715 1960 2505 2059 in a moll. e, gis, h, d.
487 2077 2506 2169 3) Die Unterdominante, welche die Unterquinte von der toni⸗
541 2171 2503 2281 ſchen Note iſt, und die einen Sextquintenaccord hat.
958 2292 2503 2411 Unterdominante.
719 2421 1510 2511 in e dur. f, a, c, d.
718 2510 2505 2599 in a moll. d, f, a, h.
578 2633 2507 2721 Dieſe drey Tone, die toniſche Note, toniſche Dominante und
405 2723 2509 2809 Unterdominante, enthalten in ihren Accorden alle Toͤne, die zur Lei⸗
406 2810 2507 2895 ter eines Tons gehoͤren, und kann man folglich beynahe allezeit leicht
409 2898 2504 2983 finden, welcher von dieſen drey Toͤnen zu einer Note des gegebenen
407 2980 2501 3066 Geſanges den Grundbaß machen ſoll. Unterdeſſen traͤget es ſich
408 3071 2507 3148 manchesmal zu, daß keiner dieſer Toͤne gebrauchet werden kann. Zum
488 3155 2504 3247 Einleit. in die muſic. Setzt. P Exem.
