2973 3599
939 167 1913 337 des Herrn d Alembert.
286 318 2553 594 die Kaͤnntniß der Tonleiter c d e fgahc, die aller Welt
286 318 2553 594 bekannt iſt, vorausſetzet.
356 576 2530 2035 Die Theorie der Harmonie erfordert einige zur Ver⸗
356 576 2530 2035 gleichung der Toͤne unter ſich noͤthige arithmetiſche Berech⸗
356 576 2530 2035 nungen. Dieſe Berechnungen ſind ſehr kurz, ſehr ſimpel,
356 576 2530 2035 und ich habe mich bemuͤhet, ſie aller Welt begreiflich zu ma⸗
356 576 2530 2035 chen. Sie erfordern keine Operation, die nicht aufs deutlich⸗
356 576 2530 2035 ſte erklaͤret ſey, und welche nicht ein Kind mit der geringſten
356 576 2530 2035 Aufmerkſamkeit verrichten ſollte. Um dieſe Muͤhe gleichwohl
356 576 2530 2035 denenjenigen zu erſparen, die ſich ſelbiger nicht unterziehen wol⸗
356 576 2530 2035 len, ſo habe ich dieſe Berechnungen aus dem Terte wegge⸗
356 576 2530 2035 laſſen, und ſie unten in den Noten beygebracht, welche man
356 576 2530 2035 uͤbergehen kann, wenn man es fuͤr gut befindet, und zufrieden
356 576 2530 2035 iſt, die in dem Texte vorgebrachte und in den Noten erwie⸗
356 576 2530 2035 ſene Saͤtze fuͤr wahr anzunehmen.
369 2000 2546 3238 Das zweyte Buch enthaͤlt die vornehmſten Regeln der
369 2000 2546 3238 Compoſition, oder welches einerley iſt, die Ausuͤbung der
369 2000 2546 3238 Harmonie. Dieſe Regeln ſind auf die in dem erſten Bucho
369 2000 2546 3238 vorgetragene Grundſaͤtze gebauet. Unterdeſſen koͤnnen dieje⸗
369 2000 2546 3238 nigen, die ſich auf die Ausuͤbung einſchraͤnken wollen, ohne
369 2000 2546 3238 ſich in die theoretiſchen Gruͤnde derſelben zu verſteigen, das
369 2000 2546 3238 erſte Buch uͤbergehen, und es bey der Vorbereitung und dem
369 2000 2546 3238 zweyten Buche bewenden laſſen. Diejenigen, die das erſte
369 2000 2546 3238 Buch geleſen haben, werden bey den Regeln des zweyten
369 2000 2546 3238 Buches allezeit Ruͤckweiſer auf denjenigen Ort des erſten Bu⸗
369 2000 2546 3238 ches finden, wo dieſe oder jene Regel bewieſen wird.
1580 3223 2494 3331 a 3 Um
