2973 3622
897 207 2027 301 enharmoniſchen Klanggeſchlechte.
2435 227 2517 306 67
535 343 2514 442 Der Accord h, d, f, gis gehoͤret eben dahin. Veraͤndert
575 443 2514 534 man aber das gis in as, ſo wird h die tonbezeichnende Note,
552 532 2433 624 und iſt ſein Sitz in der kleinen Tonart c.
597 618 2516 723 Der Accord d, f, gis, h gehoͤret ebenfalls in n moll zu Hau
572 716 2515 813 ſe. Veraͤndert man aber das gis in as, und das h in ces: ſo
570 806 1744 890 iſt ſein Sitz in der kleinen Tonart es.
659 898 2515 996 Der Accord f, gis, h, d gehoͤret ebenfalls in a moll zu Hau⸗
568 986 2517 1078 ſe. Veraͤndert man aber das f, in eis: ſo iſt ſein Sitz in der
573 1073 2499 1157 kleinen Tonart ſis.
490 1200 2510 1295 Wenn man alſo durch die Tonart a moll zu dem Accorde gis,
401 1286 2514 1378 h, d, f (§. 117.) gekommen iſt: ſo kann man vermittelſt dieſes letzten
403 1377 2513 1466 Accords mit einmal in c moll, es moll oder ſis moll, und folglich
400 1464 2514 1557 in Toͤne ausweichen, die mit dem Tone a moll nichts, oder beynahe
403 1552 2226 1635 nichts gemein haben, und alſo demſelben ganz fremde ſind.
1333 1684 1584 1761 §. 146.
423 1789 2513 1875 Man muß aber gleichwohl geſtehen, daß eine ſo ploͤtzliche und
404 1880 2514 1965 unerwartete entfernte Ausweichung das Ohr nicht hintergehet; es
403 1961 2515 2046 wird davon geruͤhret, ohne ſich von dem Grunde derſelben Rechen⸗
401 2047 2514 2135 ſchaft zu geben, und dieſer Grund lieget in dem Viertheilstone, den
407 2137 2516 2222 man als nichts betrachtet, weil er von dem Ohre nicht aufs genaue⸗
408 2224 2515 2309 ſte beſtimmet werden kann, welches aber nichts deſtoweniger die gan⸗
408 2306 2513 2397 ze Haͤrte deſſelben empfindet. Aber der Augenblick der Ueberraſchung
409 2391 2515 2478 verſchwindet bald, und man geraͤth in Verwunderung, wie man mit
411 2482 2515 2563 einmal, und kaum daß man es gemerket, aus einem Tone in einen
413 2567 2516 2652 andern verſetzet iſt, der mit dem vorhergehenden gar keine Gemein⸗
415 2657 2514 2750 ſchaft hat, und worein man durch die gewoͤhnlichen Grundfort⸗
415 2738 2491 2831 ſchreitungen nicht unmittelbar haͤtte gehen koͤnnen.
1566 3203 2517 3302 J2 Zwan⸗
